<?xml version="1.0" encoding="UTF-8"?>
<!DOCTYPE html PUBLIC "-//W3C//DTD XHTML 1.0 Transitional//EN"
    "http://www.w3.org/TR/xhtml1/DTD/xhtml1-transitional.dtd">
<html xmlns="http://www.w3.org/1999/xhtml" xml:lang="en" lang="en">
 <head>
  <title>
</title>
<meta http-equiv="Content-Type" content="text/html;charset=utf-8" />
  <meta name='ocr-system' content='tesseract 3.04.00' />
  <meta name='ocr-capabilities' content='ocr_page ocr_carea ocr_par ocr_line ocrx_word'/>
</head>
<body>
  <div class='ocr_page' id='page_1' title='image "./longipastoralia00sinngoog_0030.png"; bbox 0 0 2768 4874; ppageno 0'>
   <div class='ocr_carea' id='block_1_1' title="bbox 519 716 1120 786">
    <p class='ocr_par' dir='ltr' id='par_1_1' title="bbox 519 716 1120 786">
     <span class='ocr_line' id='line_1_1' title="bbox 519 716 1120 786; baseline 0 -2"><span class='ocrx_word' id='word_1_1' title='bbox 519 716 777 786; x_wconf 81' lang='lat' dir='ltr'>PRAEFATIO.</span> <span class='ocrx_word' id='word_1_2' title='bbox 1075 740 1120 784; x_wconf 82' lang='lat' dir='ltr'>xv</span> 
     </span>
    </p>
   </div>
   <div class='ocr_carea' id='block_1_2' title="bbox 66 853 1188 4143">
    <p class='ocr_par' dir='ltr' id='par_1_2' title="bbox 149 853 1188 2369">
     <span class='ocr_line' id='line_1_2' title="bbox 173 853 1122 951; baseline -0.003 -26"><span class='ocrx_word' id='word_1_3' title='bbox 173 859 270 927; x_wconf 89' lang='lat' dir='ltr'>nibus</span> <span class='ocrx_word' id='word_1_4' title='bbox 287 872 335 926; x_wconf 89' lang='lat' dir='ltr'>est</span> <span class='ocrx_word' id='word_1_5' title='bbox 353 871 489 926; x_wconf 88' lang='lat' dir='ltr'>ornatus</span> <span class='ocrx_word' id='word_1_6' title='bbox 502 911 511 944; x_wconf 99' lang='lat'>,</span> <span class='ocrx_word' id='word_1_7' title='bbox 524 881 609 950; x_wconf 84' lang='lat' dir='ltr'>quae</span> <span class='ocrx_word' id='word_1_8' title='bbox 627 855 761 951; x_wconf 87' lang='lat' dir='ltr'>quidem</span> <span class='ocrx_word' id='word_1_9' title='bbox 778 879 893 922; x_wconf 90' lang='lat' dir='ltr'>omnes</span> <span class='ocrx_word' id='word_1_10' title='bbox 909 880 948 921; x_wconf 87' lang='lat' dir='ltr'>ex</span> <span class='ocrx_word' id='word_1_11' title='bbox 965 853 1056 922; x_wconf 92' lang='lat' dir='ltr'>libris</span> <span class='ocrx_word' id='word_1_12' title='bbox 1074 870 1122 948; x_wconf 83' lang='lat' dir='ltr'>ty-</span> 
     </span>
     <span class='ocr_line' id='line_1_3' title="bbox 171 976 1123 1069; baseline -0.003 -27"><span class='ocrx_word' id='word_1_13' title='bbox 171 979 221 1069; x_wconf 90' lang='lat' dir='ltr'>pis</span> <span class='ocrx_word' id='word_1_14' title='bbox 244 977 369 1044; x_wconf 65' lang='lat' dir='ltr'>exeneis</span> <span class='ocrx_word' id='word_1_15' title='bbox 400 989 479 1044; x_wconf 81' lang='lat' dir='ltr'>sunt</span> <span class='ocrx_word' id='word_1_16' title='bbox 502 976 634 1069; x_wconf 80' lang='lat' dir='ltr'>petitae.</span> <span class='ocrx_word' id='word_1_17' title='bbox 662 977 753 1042; x_wconf 84' lang='lat' dir='ltr'>Bene</span> <span class='ocrx_word' id='word_1_18' title='bbox 779 986 914 1041; x_wconf 83' lang='lat' dir='ltr'><strong>teneant</strong></span> <span class='ocrx_word' id='word_1_19' title='bbox 939 996 1017 1067; x_wconf 84' lang='lat' dir='ltr'>ergo</span> <span class='ocrx_word' id='word_1_20' title='bbox 1048 997 1123 1040; x_wconf 92' lang='lat' dir='ltr'>eru-</span> 
     </span>
     <span class='ocr_line' id='line_1_4' title="bbox 171 1089 1124 1186; baseline -0.002 -25"><span class='ocrx_word' id='word_1_21' title='bbox 171 1093 252 1186; x_wconf 87' lang='lat' dir='ltr'>diti,</span> <span class='ocrx_word' id='word_1_22' title='bbox 290 1095 354 1162; x_wconf 89' lang='lat' dir='ltr'>nisi</span> <span class='ocrx_word' id='word_1_23' title='bbox 386 1090 528 1161; x_wconf 88' lang='lat' dir='ltr'>alterurn</span> <span class='ocrx_word' id='word_1_24' title='bbox 562 1089 731 1186; x_wconf 86' lang='lat' dir='ltr'>exemplar</span> <span class='ocrx_word' id='word_1_25' title='bbox 761 1091 884 1159; x_wconf 91' lang='lat' dir='ltr'>codicis</span> <span class='ocrx_word' id='word_1_26' title='bbox 918 1091 1124 1160; x_wconf 85' lang='lat' dir='ltr'>Cassinensis</span> 
     </span>
     <span class='ocr_line' id='line_1_5' title="bbox 149 1208 1123 1311; baseline -0.003 -31"><span class='ocrx_word' id='word_1_27' title='bbox 149 1215 372 1300; x_wconf 81' lang='lat' dir='ltr'>inveniatur,</span> <span class='ocrx_word' id='word_1_28' title='bbox 407 1213 550 1281; x_wconf 89' lang='lat' dir='ltr'>Criticae</span> <span class='ocrx_word' id='word_1_29' title='bbox 584 1208 831 1305; x_wconf 78' lang='lat' dir='ltr'>diplomaticae,</span> <span class='ocrx_word' id='word_1_30' title='bbox 854 1234 940 1303; x_wconf 90' lang='lat' dir='ltr'>quae</span> <span class='ocrx_word' id='word_1_31' title='bbox 971 1233 1010 1311; x_wconf 73' lang='lat' dir='ltr'>en</span> <span class='ocrx_word' id='word_1_32' title='bbox 1033 1210 1123 1280; x_wconf 89' lang='lat' dir='ltr'>codi-</span> 
     </span>
     <span class='ocr_line' id='line_1_6' title="bbox 170 1326 1123 1425; baseline -0.005 -25"><span class='ocrx_word' id='word_1_33' title='bbox 170 1333 264 1400; x_wconf 87' lang='lat' dir='ltr'><strong>cibus</strong></span> <span class='ocrx_word' id='word_1_34' title='bbox 285 1334 366 1400; x_wconf 90' lang='lat' dir='ltr'>Mss.</span> <span class='ocrx_word' id='word_1_35' title='bbox 386 1345 529 1425; x_wconf 86' lang='lat' dir='ltr'>petatur,</span> <span class='ocrx_word' id='word_1_36' title='bbox 549 1329 680 1399; x_wconf 87' lang='lat' dir='ltr'>nullum</span> <span class='ocrx_word' id='word_1_37' title='bbox 704 1328 847 1423; x_wconf 89' lang='lat' dir='ltr'>amplius</span> <span class='ocrx_word' id='word_1_38' title='bbox 869 1353 939 1396; x_wconf 89' lang='lat' dir='ltr'>csse</span> <span class='ocrx_word' id='word_1_39' title='bbox 960 1326 1069 1396; x_wconf 88' lang='lat' dir='ltr'>locum</span> <span class='ocrx_word' id='word_1_40' title='bbox 1090 1328 1123 1395; x_wconf 93' lang='lat' dir='ltr'>in</span> 
     </span>
     <span class='ocr_line' id='line_1_7' title="bbox 170 1443 1125 1542; baseline -0.004 -26"><span class='ocrx_word' id='word_1_41' title='bbox 170 1449 278 1542; x_wconf 82' lang='lat' dir='ltr'>Longi</span> <span class='ocrx_word' id='word_1_42' title='bbox 302 1446 545 1535; x_wconf 83' lang='lat' dir='ltr'>Pastoralibus3</span> <span class='ocrx_word' id='word_1_43' title='bbox 565 1470 693 1541; x_wconf 86' lang='lat' dir='ltr'>quum,</span> <span class='ocrx_word' id='word_1_44' title='bbox 714 1446 840 1515; x_wconf 86' lang='lat' dir='ltr'>codice</span> <span class='ocrx_word' id='word_1_45' title='bbox 857 1443 1052 1513; x_wconf 83' lang='lat' dir='ltr'>Florentino</span> <span class='ocrx_word' id='word_1_46' title='bbox 1071 1444 1125 1512; x_wconf 84' lang='lat' dir='ltr'>ex·</span> 
     </span>
     <span class='ocr_line' id='line_1_8' title="bbox 171 1560 1125 1660; baseline -0.002 -25"><span class='ocrx_word' id='word_1_47' title='bbox 171 1580 283 1660; x_wconf 87' lang='lat' dir='ltr'>cepto,</span> <span class='ocrx_word' id='word_1_48' title='bbox 312 1562 432 1636; x_wconf 62' lang='lat' dir='ltr'>omnes⁴</span> <span class='ocrx_word' id='word_1_49' title='bbox 456 1564 578 1660; x_wconf 82' lang='lat' dir='ltr'>reliqui</span> <span class='ocrx_word' id='word_1_50' title='bbox 612 1565 758 1634; x_wconf 89' lang='lat' dir='ltr'>ciusdem</span> <span class='ocrx_word' id='word_1_51' title='bbox 794 1565 860 1633; x_wconf 84' lang='lat' dir='ltr'>sint</span> <span class='ocrx_word' id='word_1_52' title='bbox 896 1560 1051 1632; x_wconf 86' lang='lat' dir='ltr'>familiae.</span> <span class='ocrx_word' id='word_1_53' title='bbox 1076 1566 1125 1633; x_wconf 86' lang='lat' dir='ltr'>Ea</span> 
     </span>
     <span class='ocr_line' id='line_1_9' title="bbox 167 1666 1188 1781; baseline -0.003 -28"><span class='ocrx_word' id='word_1_54' title='bbox 167 1683 274 1754; x_wconf 91' lang='lat' dir='ltr'>solum</span> <span class='ocrx_word' id='word_1_55' title='bbox 295 1669 437 1775; x_wconf 86' lang='lat' dir='ltr'>Critica,</span> <span class='ocrx_word' id='word_1_56' title='bbox 452 1710 552 1781; x_wconf 92' lang='lat' dir='ltr'>quam</span> <span class='ocrx_word' id='word_1_57' title='bbox 569 1666 800 1753; x_wconf 82' lang='lat' dir='ltr'>divinatoriam</span> <span class='ocrx_word' id='word_1_58' title='bbox 813 1706 970 1752; x_wconf 88' lang='lat' dir='ltr'>vocamus</span> <span class='ocrx_word' id='word_1_59' title='bbox 991 1695 1024 1750; x_wconf 92' lang='lat' dir='ltr'>et</span> <span class='ocrx_word' id='word_1_60' title='bbox 1039 1704 1126 1775; x_wconf 88' lang='lat' dir='ltr'>quae</span> <span class='ocrx_word' id='word_1_61' title='bbox 1185 1761 1188 1768; x_wconf 42' lang='lat'>‚</span> 
     </span>
     <span class='ocr_line' id='line_1_10' title="bbox 167 1799 1124 1910; baseline -0.003 -39"><span class='ocrx_word' id='word_1_62' title='bbox 167 1805 396 1873; x_wconf 86' lang='lat' dir='ltr'>aconiecturis</span> <span class='ocrx_word' id='word_1_63' title='bbox 412 1804 555 1899; x_wconf 84' lang='lat' dir='ltr'>pendet,</span> <span class='ocrx_word' id='word_1_64' title='bbox 574 1806 692 1910; x_wconf 71' lang='lat' dir='ltr'>Longo</span> <span class='ocrx_word' id='word_1_65' title='bbox 709 1800 869 1871; x_wconf 79' lang='lat' dir='ltr'>auxilium</span> <span class='ocrx_word' id='word_1_66' title='bbox 887 1825 985 1869; x_wconf 89' lang='lat' dir='ltr'>suum</span> <span class='ocrx_word' id='word_1_67' title='bbox 1015 1801 1050 1868; x_wconf 92' lang='lat' dir='ltr'>in</span> <span class='ocrx_word' id='word_1_68' title='bbox 1074 1799 1124 1868; x_wconf 90' lang='lat' dir='ltr'>fu·</span> 
     </span>
     <span class='ocr_line' id='line_1_11' title="bbox 166 1919 1125 2017; baseline -0.003 -28"><span class='ocrx_word' id='word_1_69' title='bbox 166 1936 279 1990; x_wconf 79' lang='lat' dir='ltr'>tur-nm</span> <span class='ocrx_word' id='word_1_70' title='bbox 304 1924 427 2017; x_wconf 89' lang='lat' dir='ltr'>poterit</span> <span class='ocrx_word' id='word_1_71' title='bbox 442 1937 618 2017; x_wconf 87' lang='lat' dir='ltr'>praestare.</span> <span class='ocrx_word' id='word_1_72' title='bbox 635 1924 732 2012; x_wconf 76' lang='lat' dir='ltr'>Quae</span> <span class='ocrx_word' id='word_1_73' title='bbox 753 1921 892 2007; x_wconf 85' lang='lat' dir='ltr'>veritas,</span> <span class='ocrx_word' id='word_1_74' title='bbox 911 1919 1061 2013; x_wconf 79' lang='lat' dir='ltr'>quamvis</span> <span class='ocrx_word' id='word_1_75' title='bbox 1082 1920 1125 1987; x_wconf 87' lang='lat' dir='ltr'>sit</span> 
     </span>
     <span class='ocr_line' id='line_1_12' title="bbox 166 2037 1126 2134; baseline -0.003 -28"><span class='ocrx_word' id='word_1_76' title='bbox 166 2064 254 2107; x_wconf 90' lang='lat' dir='ltr'>mere</span> <span class='ocrx_word' id='word_1_77' title='bbox 272 2043 445 2134; x_wconf 82' lang='lat' dir='ltr'>negativa,</span> <span class='ocrx_word' id='word_1_78' title='bbox 462 2056 573 2111; x_wconf 68' lang='lat' dir='ltr'>nmen</span> <span class='ocrx_word' id='word_1_79' title='bbox 589 2055 638 2110; x_wconf 87' lang='lat' dir='ltr'>est</span> <span class='ocrx_word' id='word_1_80' title='bbox 656 2041 789 2127; x_wconf 88' lang='lat' dir='ltr'>veritas,</span> <span class='ocrx_word' id='word_1_81' title='bbox 805 2063 908 2132; x_wconf 82' lang='lat' dir='ltr'>eaque</span> <span class='ocrx_word' id='word_1_82' title='bbox 924 2038 1038 2108; x_wconf 81' lang='lat' dir='ltr'>futuro</span> <span class='ocrx_word' id='word_1_83' title='bbox 1054 2037 1126 2104; x_wconf 87' lang='lat' dir='ltr'>cui·</span> 
     </span>
     <span class='ocr_line' id='line_1_13' title="bbox 165 2156 915 2251; baseline 0.004 -29"><span class='ocrx_word' id='word_1_84' title='bbox 165 2156 246 2226; x_wconf 87' lang='lat' dir='ltr'>libet</span> <span class='ocrx_word' id='word_1_85' title='bbox 260 2160 368 2251; x_wconf 81' lang='lat' dir='ltr'>Longi</span> <span class='ocrx_word' id='word_1_86' title='bbox 384 2159 503 2226; x_wconf 88' lang='lat' dir='ltr'>editori</span> <span class='ocrx_word' id='word_1_87' title='bbox 521 2158 696 2226; x_wconf 89' lang='lat' dir='ltr'>utilissima</span> <span class='ocrx_word' id='word_1_88' title='bbox 709 2161 785 2225; x_wconf 84' lang='lat' dir='ltr'>erit.</span> <span class='ocrx_word' id='word_1_89' title='bbox 838 2216 842 2223; x_wconf 92' lang='lat'><strong>.</strong></span> <span class='ocrx_word' id='word_1_90' title='bbox 912 2188 915 2195; x_wconf 87' lang='lat'><em>·</em></span> 
     </span>
     <span class='ocr_line' id='line_1_14' title="bbox 213 2265 1125 2369; baseline 0.003 -27"><span class='ocrx_word' id='word_1_91' title='bbox 213 2265 303 2342; x_wconf 86' lang='lat' dir='ltr'>llaec</span> <span class='ocrx_word' id='word_1_92' title='bbox 330 2291 408 2343; x_wconf 88' lang='lat' dir='ltr'>sunt</span> <span class='ocrx_word' id='word_1_93' title='bbox 437 2299 524 2369; x_wconf 88' lang='lat' dir='ltr'>quae</span> <span class='ocrx_word' id='word_1_94' title='bbox 552 2275 595 2343; x_wconf 89' lang='lat' dir='ltr'>de</span> <span class='ocrx_word' id='word_1_95' title='bbox 619 2299 705 2344; x_wconf 85' lang='lat' dir='ltr'>nora</span> <span class='ocrx_word' id='word_1_96' title='bbox 728 2276 791 2343; x_wconf 91' lang='lat' dir='ltr'>hac</span> <span class='ocrx_word' id='word_1_97' title='bbox 814 2276 961 2343; x_wconf 87' lang='lat' dir='ltr'>editione</span> <span class='ocrx_word' id='word_1_98' title='bbox 981 2275 1125 2345; x_wconf 84' lang='lat' dir='ltr'>dicenda</span> 
     </span>
    </p>

    <p class='ocr_par' dir='ltr' id='par_1_3' title="bbox 163 2390 1125 2936">
     <span class='ocr_line' id='line_1_15' title="bbox 164 2390 1124 2486; baseline -0.001 -25"><span class='ocrx_word' id='word_1_99' title='bbox 164 2392 339 2462; x_wconf 80' lang='lat' dir='ltr'>habebam.</span> <span class='ocrx_word' id='word_1_100' title='bbox 362 2394 414 2461; x_wconf 86' lang='lat' dir='ltr'>De</span> <span class='ocrx_word' id='word_1_101' title='bbox 428 2396 549 2486; x_wconf 79' lang='lat' dir='ltr'>Longo</span> <span class='ocrx_word' id='word_1_102' title='bbox 566 2394 638 2486; x_wconf 89' lang='lat' dir='ltr'>ipso</span> <span class='ocrx_word' id='word_1_103' title='bbox 661 2390 744 2460; x_wconf 90' lang='lat' dir='ltr'>nihil</span> <span class='ocrx_word' id='word_1_104' title='bbox 769 2407 818 2461; x_wconf 84' lang='lat' dir='ltr'>est</span> <span class='ocrx_word' id='word_1_105' title='bbox 839 2392 1045 2460; x_wconf 86' lang='lat' dir='ltr'>monendum</span> <span class='ocrx_word' id='word_1_106' title='bbox 1060 2394 1124 2462; x_wconf 79' lang='lat' dir='ltr'>nisi</span> 
     </span>
     <span class='ocr_line' id='line_1_16' title="bbox 163 2506 1125 2605; baseline 0.001 -27"><span class='ocrx_word' id='word_1_107' title='bbox 163 2510 257 2604; x_wconf 87' lang='lat' dir='ltr'>quod·</span> <span class='ocrx_word' id='word_1_108' title='bbox 269 2510 440 2604; x_wconf 84' lang='lat' dir='ltr'>Ciampius</span> <span class='ocrx_word' id='word_1_109' title='bbox 452 2509 629 2596; x_wconf 84' lang='lat' dir='ltr'>observat,</span> <span class='ocrx_word' id='word_1_110' title='bbox 647 2506 913 2605; x_wconf 61' lang='lat' dir='ltr'>pracfsadpers.</span> <span class='ocrx_word' id='word_1_111' title='bbox 933 2509 1002 2579; x_wconf 83' lang='lat' dir='ltr'>ital.</span> <span class='ocrx_word' id='word_1_112' title='bbox 1019 2512 1125 2587; x_wconf 78' lang='lat' dir='ltr'>Anni·</span> 
     </span>
     <span class='ocr_line' id='line_1_17' title="bbox 164 2627 1124 2724; baseline 0.004 -29"><span class='ocrx_word' id='word_1_113' title='bbox 164 2627 205 2696; x_wconf 90' lang='lat' dir='ltr'>lis</span> <span class='ocrx_word' id='word_1_114' title='bbox 223 2631 321 2716; x_wconf 82' lang='lat' dir='ltr'>Caro,</span> <span class='ocrx_word' id='word_1_115' title='bbox 335 2628 388 2696; x_wconf 85' lang='lat' dir='ltr'>ed.</span> <span class='ocrx_word' id='word_1_116' title='bbox 410 2627 656 2724; x_wconf 71' lang='lat' dir='ltr'>1827,in·12⁰,</span> <span class='ocrx_word' id='word_1_117' title='bbox 673 2651 821 2722; x_wconf 83' lang='lat' dir='ltr'>varn:</span> <span class='ocrx_word' id='word_1_118' title='bbox 838 2631 878 2697; x_wconf 89' lang='lat' dir='ltr'>ln</span> <span class='ocrx_word' id='word_1_119' title='bbox 895 2627 1019 2697; x_wconf 85' lang='lat' dir='ltr'>familia</span> <span class='ocrx_word' id='word_1_120' title='bbox 1035 2632 1124 2699; x_wconf 77' lang='lat' dir='ltr'>Mus</span> 
     </span>
     <span class='ocr_line' id='line_1_18' title="bbox 165 2742 1123 2841; baseline 0.001 -27"><span class='ocrx_word' id='word_1_121' title='bbox 165 2747 248 2816; x_wconf 84' lang='lat' dir='ltr'>sidia</span> <span class='ocrx_word' id='word_1_122' title='bbox 270 2751 308 2821; x_wconf 88' lang='lat' dir='ltr'>L.</span> <span class='ocrx_word' id='word_1_123' title='bbox 333 2742 533 2816; x_wconf 83' lang='lat' dir='ltr'>Mussidium</span> <span class='ocrx_word' id='word_1_124' title='bbox 553 2750 708 2841; x_wconf 83' lang='lat' dir='ltr'>Longum</span> <span class='ocrx_word' id='word_1_125' title='bbox 734 2748 903 2841; x_wconf 83' lang='lat' dir='ltr'>quendem</span> <span class='ocrx_word' id='word_1_126' title='bbox 928 2751 1123 2836; x_wconf 85' lang='lat' dir='ltr'>memorari,</span> 
     </span>
     <span class='ocr_line' id='line_1_19' title="bbox 166 2863 1075 2936; baseline 0.002 -4"><span class='ocrx_word' id='word_1_127' title='bbox 166 2865 260 2934; x_wconf 86' lang='lat' dir='ltr'>cuius</span> <span class='ocrx_word' id='word_1_128' title='bbox 273 2864 421 2934; x_wconf 79' lang='lat' dir='ltr'>fanriliae</span> <span class='ocrx_word' id='word_1_129' title='bbox 435 2863 540 2935; x_wconf 83' lang='lat' dir='ltr'>cliens</span> <span class='ocrx_word' id='word_1_130' title='bbox 551 2865 691 2935; x_wconf 72' lang='lat' dir='ltr'>fortasse</span> <span class='ocrx_word' id='word_1_131' title='bbox 706 2879 823 2934; x_wconf 88' lang='lat' dir='ltr'>auctor</span> <span class='ocrx_word' id='word_1_132' title='bbox 835 2880 949 2935; x_wconf 88' lang='lat' dir='ltr'>noster</span> <span class='ocrx_word' id='word_1_133' title='bbox 964 2866 1075 2936; x_wconf 82' lang='lat' dir='ltr'>fuerit.</span> 
     </span>
    </p>

    <p class='ocr_par' dir='ltr' id='par_1_4' title="bbox 66 2982 1124 4143">
     <span class='ocr_line' id='line_1_20' title="bbox 178 2982 1124 3078; baseline 0.002 -28"><span class='ocrx_word' id='word_1_134' title='bbox 178 3011 180 3015; x_wconf 94' lang='lat'>·</span> <span class='ocrx_word' id='word_1_135' title='bbox 215 2982 267 3050; x_wconf 81' lang='lat' dir='ltr'>Ad</span> <span class='ocrx_word' id='word_1_136' title='bbox 284 2984 434 3052; x_wconf 83' lang='lat' dir='ltr'>notitiam</span> <span class='ocrx_word' id='word_1_137' title='bbox 451 2983 647 3052; x_wconf 77' lang='lat' dir='ltr'>litterariam</span> <span class='ocrx_word' id='word_1_138' title='bbox 667 2985 776 3078; x_wconf 84' lang='lat' dir='ltr'>Longi</span> <span class='ocrx_word' id='word_1_139' title='bbox 792 2983 931 3071; x_wconf 84' lang='lat' dir='ltr'>accedo,</span> <span class='ocrx_word' id='word_1_140' title='bbox 950 3008 1052 3077; x_wconf 90' lang='lat' dir='ltr'>qnam</span> <span class='ocrx_word' id='word_1_141' title='bbox 1076 3007 1124 3052; x_wconf 89' lang='lat' dir='ltr'>ea·</span> 
     </span>
     <span class='ocr_line' id='line_1_21' title="bbox 166 3079 1121 3196; baseline 0.004 -28"><span class='ocrx_word' id='word_1_142' title='bbox 166 3116 304 3194; x_wconf 84' lang='lat' dir='ltr'>propter</span> <span class='ocrx_word' id='word_1_143' title='bbox 325 3102 544 3172; x_wconf 80' lang='lat' dir='ltr'>exhibendam</span> <span class='ocrx_word' id='word_1_144' title='bbox 562 3079 617 3171; x_wconf 87' lang='lat' dir='ltr'>hic</span> <span class='ocrx_word' id='word_1_145' title='bbox 639 3102 732 3190; x_wconf 81' lang='lat' dir='ltr'>duxi,</span> <span class='ocrx_word' id='word_1_146' title='bbox 748 3103 839 3196; x_wconf 89' lang='lat' dir='ltr'>quod</span> <span class='ocrx_word' id='word_1_147' title='bbox 855 3100 932 3170; x_wconf 88' lang='lat' dir='ltr'>libri</span> <span class='ocrx_word' id='word_1_148' title='bbox 948 3100 1121 3172; x_wconf 83' lang='lat' dir='ltr'>Gallorum</span> 
     </span>
     <span class='ocr_line' id='line_1_22' title="bbox 167 3217 1122 3314; baseline 0.002 -28"><span class='ocrx_word' id='word_1_149' title='bbox 167 3218 231 3287; x_wconf 85' lang='lat' dir='ltr'>hac</span> <span class='ocrx_word' id='word_1_150' title='bbox 248 3217 289 3285; x_wconf 91' lang='lat' dir='ltr'>de</span> <span class='ocrx_word' id='word_1_151' title='bbox 311 3243 349 3287; x_wconf 88' lang='lat' dir='ltr'>re</span> <span class='ocrx_word' id='word_1_152' title='bbox 370 3235 507 3314; x_wconf 78' lang='lat' dir='ltr'>agentes</span> <span class='ocrx_word' id='word_1_153' title='bbox 529 3243 598 3288; x_wconf 87' lang='lat' dir='ltr'>non</span> <span class='ocrx_word' id='word_1_154' title='bbox 620 3234 699 3288; x_wconf 90' lang='lat' dir='ltr'>sunt</span> <span class='ocrx_word' id='word_1_155' title='bbox 721 3221 756 3287; x_wconf 90' lang='lat' dir='ltr'>in</span> <span class='ocrx_word' id='word_1_156' title='bbox 779 3219 932 3288; x_wconf 90' lang='lat' dir='ltr'>manibus</span> <span class='ocrx_word' id='word_1_157' title='bbox 954 3221 1122 3305; x_wconf 90' lang='lat' dir='ltr'>omnium,</span> 
     </span>
     <span class='ocr_line' id='line_1_23' title="bbox 168 3332 1123 3433; baseline 0 -25"><span class='ocrx_word' id='word_1_158' title='bbox 168 3341 413 3408; x_wconf 77' lang='lat' dir='ltr'>Gennanonam</span> <span class='ocrx_word' id='word_1_159' title='bbox 432 3356 561 3433; x_wconf 76' lang='lat' dir='ltr'>autern,</span> <span class='ocrx_word' id='word_1_160' title='bbox 584 3341 728 3423; x_wconf 80' lang='lat' dir='ltr'>liberto,</span> <span class='ocrx_word' id='word_1_161' title='bbox 750 3338 973 3432; x_wconf 82' lang='lat' dir='ltr'>Bibliograph.</span> <span class='ocrx_word' id='word_1_162' title='bbox 995 3332 1123 3427; x_wconf 75' lang='lat' dir='ltr'>Leria,</span> 
     </span>
     <span class='ocr_line' id='line_1_24' title="bbox 168 3455 1122 3551; baseline 0.001 -27"><span class='ocrx_word' id='word_1_163' title='bbox 168 3471 324 3550; x_wconf 85' lang='lat' dir='ltr'>excepto,</span> <span class='ocrx_word' id='word_1_164' title='bbox 345 3480 477 3526; x_wconf 88' lang='lat' dir='ltr'>mancos</span> <span class='ocrx_word' id='word_1_165' title='bbox 495 3482 563 3527; x_wconf 87' lang='lat' dir='ltr'>esse</span> <span class='ocrx_word' id='word_1_166' title='bbox 585 3458 704 3551; x_wconf 87' lang='lat' dir='ltr'>reperi.</span> <span class='ocrx_word' id='word_1_167' title='bbox 728 3455 941 3525; x_wconf 83' lang='lat' dir='ltr'>Enumerabo</span> <span class='ocrx_word' id='word_1_168' title='bbox 960 3455 1122 3525; x_wconf 81' lang='lat' dir='ltr'>editiones</span> 
     </span>
     <span class='ocr_line' id='line_1_25' title="bbox 168 3571 1122 3668; baseline 0.002 -26"><span class='ocrx_word' id='word_1_169' title='bbox 168 3599 272 3667; x_wconf 86' lang='lat' dir='ltr'>quum</span> <span class='ocrx_word' id='word_1_170' title='bbox 286 3573 471 3668; x_wconf 74' lang='lat' dir='ltr'>fragmento</span> <span class='ocrx_word' id='word_1_171' title='bbox 486 3590 652 3663; x_wconf 80' lang='lat' dir='ltr'>carentes,</span> <span class='ocrx_word' id='word_1_172' title='bbox 669 3590 743 3645; x_wconf 88' lang='lat' dir='ltr'>tum</span> <span class='ocrx_word' id='word_1_173' title='bbox 752 3571 944 3668; x_wconf 84' lang='lat' dir='ltr'>completas,</span> <span class='ocrx_word' id='word_1_174' title='bbox 961 3575 1122 3644; x_wconf 88' lang='lat' dir='ltr'>editiones</span> 
     </span>
     <span class='ocr_line' id='line_1_26' title="bbox 171 3690 1122 3788; baseline 0.001 -28"><span class='ocrx_word' id='word_1_175' title='bbox 171 3691 349 3787; x_wconf 78' lang='lat' dir='ltr'>fragmenti</span> <span class='ocrx_word' id='word_1_176' title='bbox 361 3690 558 3787; x_wconf 73' lang='lat' dir='ltr'>peculiares,</span> <span class='ocrx_word' id='word_1_177' title='bbox 572 3695 740 3763; x_wconf 84' lang='lat' dir='ltr'>versiones</span> <span class='ocrx_word' id='word_1_178' title='bbox 755 3691 901 3788; x_wconf 82' lang='lat' dir='ltr'>gallicas,</span> <span class='ocrx_word' id='word_1_179' title='bbox 917 3694 1122 3787; x_wconf 83' lang='lat' dir='ltr'>germanicas</span> 
     </span>
     <span class='ocr_line' id='line_1_27' title="bbox 169 3810 1123 3908; baseline -0.002 -28"><span class='ocrx_word' id='word_1_180' title='bbox 169 3826 202 3881; x_wconf 90' lang='lat' dir='ltr'>et</span> <span class='ocrx_word' id='word_1_181' title='bbox 222 3810 362 3900; x_wconf 88' lang='lat' dir='ltr'>italicas,</span> <span class='ocrx_word' id='word_1_182' title='bbox 381 3812 482 3883; x_wconf 92' lang='lat' dir='ltr'>libros</span> <span class='ocrx_word' id='word_1_183' title='bbox 505 3812 647 3907; x_wconf 90' lang='lat' dir='ltr'>denique</span> <span class='ocrx_word' id='word_1_184' title='bbox 666 3814 701 3882; x_wconf 90' lang='lat' dir='ltr'>in</span> <span class='ocrx_word' id='word_1_185' title='bbox 720 3815 842 3908; x_wconf 89' lang='lat' dir='ltr'>quibus</span> <span class='ocrx_word' id='word_1_186' title='bbox 861 3813 902 3881; x_wconf 94' lang='lat' dir='ltr'>de</span> <span class='ocrx_word' id='word_1_187' title='bbox 920 3816 1038 3907; x_wconf 86' lang='lat' dir='ltr'>Longo</span> <span class='ocrx_word' id='word_1_188' title='bbox 1059 3811 1123 3879; x_wconf 88' lang='lat' dir='ltr'>dis·</span> 
     </span>
     <span class='ocr_line' id='line_1_28' title="bbox 66 3929 1124 4026; baseline 0.001 -28"><span class='ocrx_word' id='word_1_189' title='bbox 66 3961 68 3965; x_wconf 94' lang='lat'>·</span> <span class='ocrx_word' id='word_1_190' title='bbox 168 3944 317 4024; x_wconf 80' lang='lat' dir='ltr'>putatur.</span> <span class='ocrx_word' id='word_1_191' title='bbox 332 3932 534 4009; x_wconf 66' lang='lat' dir='ltr'>asteriscum</span> <span class='ocrx_word' id='word_1_192' title='bbox 549 3929 596 4026; x_wconf 53' lang='grc' dir='ltr'>(ἢ</span> <span class='ocrx_word' id='word_1_193' title='bbox 618 3932 657 3999; x_wconf 90' lang='lat' dir='ltr'>iis</span> <span class='ocrx_word' id='word_1_194' title='bbox 679 3933 817 4025; x_wconf 84' lang='lat' dir='ltr'>apposui</span> <span class='ocrx_word' id='word_1_195' title='bbox 832 3955 917 4024; x_wconf 88' lang='lat' dir='ltr'>quos</span> <span class='ocrx_word' id='word_1_196' title='bbox 939 3932 1012 4022; x_wconf 88' lang='lat' dir='ltr'>ipse</span> <span class='ocrx_word' id='word_1_197' title='bbox 1032 3952 1124 3999; x_wconf 84' lang='lat' dir='ltr'>usur·</span> 
     </span>
     <span class='ocr_line' id='line_1_29' title="bbox 170 4063 507 4143; baseline 0.003 -27"><span class='ocrx_word' id='word_1_198' title='bbox 170 4072 250 4141; x_wconf 90' lang='lat' dir='ltr'>pare</span> <span class='ocrx_word' id='word_1_199' title='bbox 265 4073 332 4117; x_wconf 91' lang='lat' dir='ltr'>non</span> <span class='ocrx_word' id='word_1_200' title='bbox 349 4063 507 4143; x_wconf 88' lang='lat' dir='ltr'>poteram.</span> 
     </span>
    </p>
   </div>
   <div class='ocr_carea' id='block_1_3' title="bbox 0 0 1388 4874">
    <p class='ocr_par' dir='ltr' id='par_1_5' title="bbox 0 0 1388 4874">
     <span class='ocr_line' id='line_1_30' title="bbox 0 0 1388 4874; baseline 0 0"><span class='ocrx_word' id='word_1_201' title='bbox 0 0 1388 4874; x_wconf 95' lang='lat' dir='ltr'> </span> 
     </span>
    </p>
   </div>
  </div>
 </body>
</html>
