2768 4874
284 662 327 732 38
486 667 671 733 ΛΟΓΓΟΥ
703 669 1020 735 ΠΟΙΜΕΝΙΚΩΝ

281 838 332 903 καὶ
349 836 385 904 αὖ
402 848 460 902 τῶν
477 825 519 928 (¹)
539 839 655 929 ἰχθύων.
675 831 751 905 Οὐδ’
767 835 802 903 ἂν
818 839 965 906 ἀπόλοιτο
983 844 1053 922 βοῦς
1067 838 1241 934 νηχόμενος,

282 989 306 1053 εἰ
325 993 365 1079 μή
390 998 450 1053 τῶν
469 995 570 1078 χηλῶν
593 990 619 1056 οἱ
640 989 740 1080 όνυχες
760 993 945 1083 περιπέσοιεν
974 982 1132 1081 διάβροχοι
1156 988 1242 1082 γενό-

283 1160 372 1227 μενοι.
396 1140 588 1228 Μαρτυροῦσι
605 1144 648 1219 τῷ
666 1137 751 1229 λόγῳ
775 1141 861 1230 μέχρι
879 1146 929 1203 νῦν
952 1137 1059 1204 πολλοὶ
1080 1138 1169 1203 τόποι
1185 1145 1243 1214 τῆς

282 1285 445 1369 θαλάττης,
465 1288 535 1370 βοὸς
556 1288 642 1379 πόροι
659 1289 823 1379 λεγόμενοι.

337 1439 386 1502 31.
411 1437 473 1504 Καὶ
503 1423 637 1516 σώζεται
657 1425 697 1529 (Ἴ)
719 1439 772 1528 μὲν
804 1431 844 1512 δη
869 1444 976 1505 τοῦτον
1008 1440 1059 1504 τὸν
1087 1439 1244 1532 τρόπονό

282 1587 410 1677 Δάφνις,
443 1579 497 1653 δύο
525 1581 676 1666 κινδύνους
708 1595 777 1682 παρ’
804 1581 916 1656 ε’λπίδα
943 1593 1044 1657 πᾶσαν
1070 1581 1245 1681 διαφυγὼν,

282 1737 444 1827 λῃστηρίου
473 1736 523 1800 καὶ
551 1735 703 1827 ναυαγίου.
732 1725 869 1813 ΕΞελθὼν
892 1728 954 1820 δὲ,
974 1738 1025 1803 καὶ
1055 1740 1110 1810 τὴν
1138 1735 1247 1809 Χλόην

285 1883 333 1950 ἐπὶ
349 1892 403 1960 τῆς
420 1893 474 1976 γῆς
488 1890 622 1975 γελῶσαν
639 1885 703 1975 ἅμα
717 1886 767 1951 καὶ
784 1877 971 1977 δακρύουσαν
987 1890 1087 1980 εὑρὼν,
1101 1884 1246 1976 ἐμπίπτει

283 2058 317 2100 τε
338 2039 430 2111 αὐτῆς
452 2040 514 2111 τοῖς
539 2034 678 2119 κόλποις,
709 2035 760 2102 καὶ
787 2036 986 2120 ἐπυνθάνετο,
1014 2037 1044 2103 τί
1076 2040 1244 2130 βουλομένη

283 2169 480 2277 συρίσειενἯ
503 2176 537 2250 δέ
560 2188 642 2272 αὐτῷ
667 2176 814 2278 διηγεῖται
832 2188 950 2254 πάντα·
978 2189 1030 2253 τὸν
1056 2179 1169 2279 δρόμον
1191 2189 1247 2254 τόν

243 2366 269 2402 ω
283 2335 332 2400 ἐπὶ
355 2336 407 2400 τόν
433 2335 592 2426 Δόρκωνα,
618 2337 654 2401 τὸ
680 2329 833 2428 παίδευμα
858 2347 919 2404 τῶν
943 2341 1039 2422 βοῶν,
1062 2348 1127 2417 πῶς
1150 2342 1250 2405 πελεν·

283 2483 361 2554 σόείη
383 2484 515 2575 συρίσαι,
537 2484 586 2549 καὶ
605 2487 653 2550 ότι
668 2485 788 2557 τέθνηκε
807 2487 944 2578 Δόρκων·
964 2486 1050 2577 μόνον
1075 2478 1248 2552 αἰδεσύεῖσα
1289 2534 1293 2540 -

283 2632 319 2698 τὸ
339 2631 455 2723 φιλημα
480 2639 532 2700 ούκ
555 2629 645 2702 εἶπεν.
669 2620 763 2712 βδοξε
787 2629 825 2709 δη
852 2647 977 2728 τιμῆσαι
997 2639 1048 2702 τὸν
1072 2639 1246 2730 εὐεργέτην·

283 2783 332 2849 καὶ
350 2784 580 2876 ιλθόντεςμετὰ
598 2795 658 2851 τῶν
677 2788 909 2876 προσηκόντων,
935 2788 1074 2880 Δόρκωνα
1096 2787 1244 2853 θάπτουσι
1297 2795 1308 2805 “

250 2964 254 2975 =
282 2935 333 2999 τὸν
352 2929 463 3001 άθλιον.
488 2939 547 3008 Γῆν
573 2935 626 3024 μὲν
653 2933 707 3002 οὖν·
724 2939 838 3009 πολλὴν
863 2939 1006 3009 ἐπόνησαν
1024 2925 1082 3029 (⁸),
1106 2934 1184 3028 ρυτδι
1209 2928 1244 3002 δέ

282 3091 377 3177 ἥμερα
400 3082 498 3153 πολλὰ
519 3087 691 3175 ἐφύτευσαν,
712 3085 763 3150 καὶ
782 3080 947 3178 έξόρπησαν
968 3088 1049 3172 αὐτῷ
1067 3096 1128 3153 τῶν
1148 3086 1244 3180 ἔργων

284 3235 435 3328 ἀπαρχάς·
455 3233 535 3301 αλλὰ
559 3233 609 3300 καὶ
626 3238 709 3326 γάλα
731 3236 950 3319 κατέσπεισαν,
968 3235 1017 3301 καὶ
1038 3236 1168 3326 βότρυας
1188 3260 1244 3300 κα-

319 3546 355 3606 (ι)
374 3541 422 3592 Καὶ
438 3540 467 3594 αὗ
483 3550 529 3594 τῶν
544 3551 568 3587 “.
586 3550 633 3605 ΑΒ,
648 3543 690 3595 καὶ
705 3544 942 3595 αὐτῶν-Πλάτων
962 3544 983 3594 ι’ν
998 3548 1032 3610 τῷ
1049 3532 1123 3612 ἱππέα
1141 3539 1241 3609 μείζονι·

283 3634 324 3685 καὶ
340 3631 369 3686 αὖ
389 3633 420 3685 τὰ
438 3634 488 3690 ζῶα
506 3635 594 3686 πάντα.
618 3639 702 3700 Συχνὸν
722 3633 751 3687 δὲ
767 3635 835 3705 παρὰ
855 3637 977 3687 Πλάτωνι·
1000 3634 1040 3686 καὶ
1061 3633 1140 3686 πάντα
1161 3629 1192 3684 αὖ
1211 3632 1246 3685 τὰ

282 3733 389 3779 τοιαῦτα.

319 3824 354 3885 (²)
371 3819 418 3869 Καὶ
434 3818 540 3880 σώζεται,
557 3826 584 3868 Α.
597 3827 622 3874 Β,
639 3820 772 3876 ἐκσώζεται.
839 3831 842 3838 ’

318 3911 355 3976 (3)
374 3905 520 3966 βπένησαν*.
537 3917 584 3971 ΑΒ,
600 3913 710 3999 έπέθισοινΙ
