2768 4874
423 630 581 698 ΛΟΓΟΣ
614 629 803 698 ΤΡΙΤΟΣ.
887 667 888 671 =
1034 653 1095 700 ιιι

139 804 189 870 ότι
208 801 352 896 κρείττων
371 803 434 871 ἐστὶ
456 802 592 870 τοιούτου
612 801 733 896 γάμου·
756 802 864 895 χρόνον
889 794 925 870 δὲ
945 805 1101 882 σιωπήσας

140 950 250 1047 ὣιίγον,
271 957 367 1032 οὕτως
382 951 577 1045 ἀπεκρίνατο.

193 1104 245 1170 31.
275 1100 412 1169 «Δίκαια
428 1108 542 1168 ποιεῖτε
568 1100 638 1178 τοὺς
656 1098 791 1194 γείτονας
808 1110 1017 1194 προτιμῶντες
1041 1113 1100 1169 τῶν

139 1246 243 1337 ξένων,
271 1252 321 1318 καὶ
339 1250 442 1331 πενίας
466 1251 580 1346 ἀγαθῆς
601 1258 733 1349 πλοῦτον
754 1255 795 1343 μὴ
818 1244 989 1342 νομίζοντες
1012 1251 1103 1347 κρείτ-

139 1426 225 1469 τονα.
243 1372 273 1467 ί)
288 1399 357 1469 Πὰν
372 1405 450 1494 ὑμᾶς
469 1399 539 1469 ἀντὶ
556 1392 656 1467 τῶνδε
677 1399 729 1467 καὶ
747 1400 778 1466 αἱ
794 1401 920 1493 Νύμφαι
938 1403 1102 1493 ριλύσειαν.

139 1537 213 1643 Εγδι
236 1540 271 1616 δὲ
296 1541 419 1617 σπεύδω
439 1550 493 1641 μὲν
511 1548 562 1616 καὶ
581 1549 672 1627 αὐτὸς
699 1549 752 1616 τὸν
777 1548 892 1643 γάμον·
918 1549 1045 1645 καὶγὰρ
1067 1546 1103 1618 όιν
1189 1618 1191 1622 ,

141 1697 302 1802 μαινοίμην
321 1698 344 1765 εί
368 1704 429 1792 μὴ,
458 1701 551 1794 γόρων
576 1723 611 1766 τι
635 1699 676 1764 ὢν
698 1690 782 1785 ἤδη,
805 1698 857 1767 καὶ
881 1700 979 1792 χειρὸς
1007 1699 1046 1778 είς
1063 1698 1105 1768 τὰ

128 1850 215 1943 ἔργα
235 1839 376 1939 δεόμενος
394 1851 626 1942 περιττοτέρας,
647 1850 732 1940 ᾤμην
753 1833 795 1941 (¹)
821 1847 874 1915 καὶ
892 1848 945 1916 τὸν
962 1851 1104 1944 ὑμέτερον

142 1993 222 2066 οἷκον
245 1997 328 2092 ρίλον
347 1994 526 2092 προσλαόεῖν
544 1997 657 2091 ἀγαθόν
680 2024 710 2063 τι
729 2001 817 2090 μέγα.
837 1991 1106 2092 Περιοπούδαστος

143 2140 178 2216 δὲ
198 2149 248 2217 καὶ
271 2150 380 2241 Χλόη,
405 2150 483 2222 καλὴ
502 2146 554 2214 καὶ
572 2145 668 2241 ὡραία
685 2146 780 2241 κόρη,
800 2148 851 2215 καὶ
873 2148 978 2215 πάντα
995 2149 1104 2243 ἀγαθή.

145 2302 259 2378 Δοῦλος
281 2290 316 2366 δὲ
334 2297 395 2384 ὢν,
422 2289 540 2375 οὐδενός
559 2296 619 2389 εἰμι
638 2306 698 2363 τῶν
716 2302 794 2389 ἐμῶν
813 2299 931 2391 κύριος·
957 2293 1037 2367 ἀλλὰ
1061 2288 1112 2365 δεῖ
1123 2331 1161 2372 ιιι

144 2450 197 2518 τὸν
224 2440 377 2522 δεσπότην
405 2447 597 2539 μανθάνοντα
620 2457 721 2513 ταῦτα
745 2454 918 2542 συγχωρεῖν.
943 2447 1020 2541 Φέρε
1040 2442 1108 2532 οὖν,
1205 2497 1208 2503 ,

145 2595 386 2691 α’ναόαλλύμεθα
409 2599 463 2665 τὸν
484 2597 583 2693 γάμον
603 2596 701 2676 εἰς’τό
725 2598 911 2691 μετόπωρον.
942 2585 1109 2691 Ᾰφίξεσύαι
1179 2600 1185 2609 ‘

145 2748 218 2816 τότε
225 2751 362 2843 λέγουσιν
376 2748 466 2814 αὐτόν
477 2749 504 2814 οἱ
517 2746 752 2841 παραγινόμενοι
762 2748 836 2841 πρὸς
850 2751 929 2839 ύμοῒς
942 2741 974 2824 ἐξ
988 2744 1108 2824 οἷστεος.

118 2930 123 2944 ·
145 2899 227 2966 Τότε
242 2901 363 2966 ἔσονται
379 2897 453 2991 ἀνὴρ
469 2896 520 2964 καὶ
534 2898 629 2991 γυνη·
644 2888 745 2963 νύνιδὲ
765 2897 943 2988 φιλείτωσαν
961 2896 1111 2973 αλλήλοις

147 3051 187 3124 ὡς
206 3035 249 3139 (²)
269 3039 406 3139 ἀδελφοί.
428 3029 491 3113 Ϊσθι
510 3046 616 3138 μόνον,
635 3043 659 3111 ὦ
677 3048 773 3138 Δρύα,
793 3056 955 3112 τοσοῦτον·
972 3036 1111 3122 σπεύδεις

182 3177 212 3213 ’ἱ
320 3188 330 3212 l
472 3199 488 3214 ιν

147 3215 215 3282 περι
244 3215 393 3282 μιιραιιιον
422 3216 559 3284 κρειπτον
590 3196 687 3282 ήμῶν.
701 3217 714 3242 ν
741 3195 770 3257 Ο
796 3190 848 3282 μὲν
876 3198 977 3256 ταῦτα
1003 3187 1111 3275 εἰπὼν,

185 3414 224 3482 (1)
244 3401 347 3483 ᾧμην“.
368 3417 396 3475 Α,
413 3432 455 3464 σπ.
472 3431 499 3482 μ.
515 3432 539 3463 ιι.
556 3411 581 3463 ἀ.
601 3413 641 3465 τὀν
661 3412 739 3485 γάμον
754 3420 835 3465 τοῦτον
851 3448 971 3465 .......
992 3411 1020 3465 ἄν
1036 3434 1110 3483 μ...

147 3504 223 3561 νοίιιην
239 3506 259 3557 εί
274 3505 422 3577 μὴγίροντις
436 3503 466 3556 όιν
478 3501 525 3561 ἤδη
534 3524 558 3556 ιι.
568 3526 594 3572 χ.
606 3506 625 3558 ἐ.
640 3526 663 3557 τ.
677 3507 697 3556 ί.
713 3501 737 3555 δ.
748 3525 786 3568 π.,
803 3506 833 3564 ὡς
845 3504 878 3574 μὴ
887 3504 927 3557 καί
939 3505 978 3557 τἰν
989 3505 1012 3556 b.
1025 3512 1051 3568 B,
1060 3507 1115 3575 ἡμι-

148 3598 224 3669 γέρων
242 3617 268 3649 τε
284 3596 315 3649 ὣν
330 3594 371 3648 καί
382 3596 468 3667 χειρός.
491 3627 518 3636 -
538 3586 696 3668 δριστοφοὶνης
716 3599 739 3651 όν
753 3595 849 3666 Σφηξίν
871 3593 917 3654 ἤδη
932 3600 1009 3671 γέρων
1022 3596 1062 3650 όιν.
1079 3626 1115 3637 -

150 3690 178 3742 Εἰ
191 3690 224 3759 μὴ
240 3689 355 3762 γέροντες.
372 3680 429 3740 ίδοο
444 3689 555 3758 ἀνωτέρω
572 3709 593 3741 ο.
615 3708 672 3751 ιιι,
687 3711 723 3742 στ.
736 3709 760 3760 7,
774 3691 853 3761 ὅμοιον
869 3689 1000 3762 ἁμάρτημα
1017 3695 1058 3741 τοῦ
1079 3687 1113 3750 βι·
1159 3727 1162 3732 .

149 3779 305 3853 ύλιογροίφου.

187 3875 224 3941 (ι)
243 3863 289 3933 ὸς,
305 3879 353 3924 ΑΒ.
376 3875 377 3879 ’
