2768 4874
284 653 328 725 36
486 661 670 726 ΛΟΓΓΟΥ
694 657 1022 724 ¹[IOIMENIKQN

281 831 383 914 Χλόη,
404 822 582 921 τεθνήξομαι
600 834 664 921 μετ’
686 827 802 920 ὀλίγον·
824 827 851 892 οί
868 825 926 918 γάρ
942 849 978 915 με
993 819 1109 903 ἀσεβεῖς
1124 830 1239 898 λησται

280 980 338 1071 πρὸ
361 990 421 1045 τῶν
445 983 522 1064 βοῦν
549 979 718 1070 μαχόμενον
742 972 914 1064 κατέκοψαν
944 980 983 1052 ὡς
1013 977 1094 1059 βοῦν.
1122 975 1161 1041 Σῦ
1185 966 1238 1059 θέ,

280 1129 327 1195 σοὶ
343 1119 381 1215 (¹)
404 1127 455 1194 καὶ
478 1128 587 1220 Δοίφνιν
613 1138 727 1211 σῶσον,
753 1128 845 1218 κάμοὶ
861 1131 1062 1222 ,τιμώρησον,
1089 1125 1240 1202 κάκείνους

240 1309 265 1346 ιη
279 1273 437 1340 ἅπολεσον.
453 1261 630 1340 Επαίθευσα
649 1270 705 1350 τὰς
722 1275 793 1356 βοῦς
813 1271 880 1362 ἤχῳ
898 1274 1037 1366 σύριγγος
1053 1271 1238 1354 ἀκολουθεῖν,

280 1415 329 1483 καὶ
351 1407 468 1482 διώκειν
487 1416 523 1482 τὸ
547 1417 637 1507 μέλος
660 1417 769 1498 αὐτῆς,
796 1410 850 1480 κθιν
873 1414 1024 1507 νέμωνταί
1041 1441 1094 1482 τοι
1114 1400 1157 1504 (²)
1180 1439 1239 1505 μα-

253 1547 363 1659 ’κροίν
386 1547 428 1632 ἐθι
451 1556 507 1645 δή,
526 1560 664 1630 λαθοῦσα
691 1568 744 1638 τήν
768 1567 895 1657 σύριγγα
921 1565 1052 1648 ταύτην,
1076 1565 1240 1655 ἕμτνιυσον

279 1717 358 1806 αὐτῇ
381 1715 470 1825 μέλος
490 1716 598 1796 ἐκεῖνο,
620 1710 635 1777 ὃ
657 1710 767 1804 Δάφνιν
785 1712 838 1804 μὲν
858 1700 900 1803 (³)
918 1717 978 1806 ἐγώ
1001 1738 1077 1779 ποτε
1101 1703 1242 1789 ἐθιθαξοί-

265 1888 351 1953 μην,
372 1863 404 1928 σέ
424 1855 458 1928 θέ
481 1861 604 1952 Δάφνις
623 1861 661 1927 τὸ
681 1852 717 1927 θέ
740 1863 870 1928 ἐντεῦθεν
897 1873 936 1958 τῇ
962 1863 1077 1957 σόριγγι
1102 1863 1243 1954 μελήσει,

280 2012 330 2079 καὶ
357 2022 417 2078 τῶν
440 2015 518 2096 βοῶν
543 2019 610 2088 ταῖς
632 2015 699 2078 ἐκεῖ.
724 2006 893 2105 Χαρίζομαι
914 2005 950 2078 θέ
969 2038 1016 2080 σοι
1033 2011 1085 2077 καὶ
1108 2015 1164 2084 τήν
1190 2010 1242 2075 σό-

191 2183 194 2189 ·
282 2186 369 2254 ριγγα
400 2163 512 2244 αὐτὴν,
537 2158 558 2251 ἦ
580 2160 711 2237 πολλοὺς
733 2154 832 2253 ἐρίζων
860 2161 911 2225 καὶ
933 2159 1097 2245 βουκόλους
1122 2156 1243 2230 ἐνίκησα

280 2311 331 2377 καὶ
347 2309 501 2386 αἰπόλους.
526 2308 567 2376 Σὺ
586 2286 634 2387 θέ,
655 2307 724 2375 ἀντὶ
740 2310 874 2392 τούτων,
898 2308 948 2374 καὶ
972 2302 1073 2386 ζῶντα
1095 2309 1141 2373 ἐτι
1158 2307 1243 2397 φιλη·

282 2479 345 2535 σον,
358 2453 408 2518 καὶ
422 2451 615 2519 ἀποθανόντα
629 2459 772 2519 κλαῦσον·
790 2449 845 2519 κᾶν
859 2445 926 2545 ίθιρς
939 2449 1029 2519 ἄλλον
1042 2455 1174 2543 νέμοντα
1186 2449 1242 2529 τέις
1289 2507 1290 2511 ,

281 2605 371 2686 βοῦς,
388 2603 460 2691 ἐμοῦ
474 2600 687 2692 μνημόνευσον.
708 2629 720 2652 ν

259 2800 264 2805 -
336 2753 386 2818 30.
414 2750 533 2844 Δόρκων
555 2749 609 2842 μίν
633 2760 764 2816 τοσαῦτα
786 2752 892 2836 εἰπὼν,
911 2751 962 2817 καὶ
980 2750 1097 2844 φίλημα
1115 2752 1242 2842 φιλήσας

275 2905 427 2985 -ῦστατον,
447 2900 558 2992 ἀφῆκεν
576 2899 640 2991 ἅμα
662 2910 707 2986 τῷ
727 2887 766 2988 (⁴)
787 2903 933 2991 φιλήματι
955 2901 1008 2967 καὶ
1029 2927 1066 2994 τρ
1086 2908 1167 2992 φωνῇ
1187 2903 1241 2973 τὴν

283 3023 391 3141 ψυχήν.
418 3036 447 3117 H
473 3042 616 3122 θέΧλόη
641 3045 776 3116 λαθοῦσα
799 3053 852 3124 τήν
882 3050 1028 3143 σόριγγα,
1055 3049 1106 3115 καὶ
1129 3049 1242 3116 ἐνθεῖσα

281 3204 341 3277 τοῖς
357 3199 502 3291 χειλεσιν,
524 3192 634 3292 ἐοιίριζε
654 3201 792 3292 μέγιστον
817 3205 856 3279 ὡς
879 3190 1020 3266 ἐθόνατο·
1048 3197 1099 3263 καὶ
1121 3196 1151 3261 αἱ
1175 3197 1241 3281 βόες

269 3345 434 3430 οἱκοῦουσι,
460 3347 566 3413 καὶτὸ
587 3349 675 3438 μέλος
698 3340 886 3440 γνωρίζουσι,
905 3345 956 3412 καὶ
976 3351 1053 3439 ὁρμῇ
1073 3349 1129 3437 μιᾷ
1146 3370 1240 3436 μυκη·
