2768 4874
596 842 778 906 LECTORI

212 1059 518 1161 nnunno
540 1057 774 1191 ArQun
792 1057 1168 1165 nnnnvono

453 1312 675 1367 nunokus
696 1313 750 1365 DE
769 1312 915 1367 stnnssn

577 1685 779 1728 -ss-»uoo---

209 1848 287 1960 Aa
303 1896 411 1987 Longi
428 1894 515 1961 nanc
533 1896 620 1961 nn
633 1895 797 1963 courum
812 1895 992 1962 editionem
1009 1897 1095 1988 typis
1112 1888 1163 1963 rt.

207 2011 383 2103 petendam
393 2010 595 2104 impulit‘me
607 2009 683 2079 libri
693 2036 797 2104 quum
811 2014 928 2080 raritas
940 2026 1012 2080 tum
1022 2013 1162 2080 bonitas.

205 2127 396 2213 Quotannis
418 2129 453 2194 in
476 2130 657 2195 Germania
675 2144 880 2220 praestantes
906 2132 1105 2197 Batavorum
1131 2144 1164 2195 et

207 2245 415 2337 Anglorum,
441 2248 475 2311 in
502 2247 676 2312 Britannia
703 2248 783 2313 item
808 2248 1054 2313 Germanorum
1082 2244 1163 2313 alio·

205 2386 348 2453 rumque
367 2362 527 2429 editiones
546 2377 721 2429 auctorum
739 2361 951 2430 classicorum
970 2376 1003 2430 et
1019 2365 1163 2431 Graeco-

203 2505 278 2547 rum
306 2494 339 2547 et
364 2483 592 2548 Romanorum
619 2479 735 2547 recudi
756 2481 919 2548 videbam.
944 2483 1056 2549 Unam
1075 2481 1162 2550 hanc

203 2600 321 2691 longi,
329 2598 600 2691 Erotosophistae
610 2600 793 2667 suavissimi
803 2602 988 2669 Romanam
998 2602 1162 2670 Courierii

205 2717 428 2785 recensionem
460 2717 493 2783 in
519 2715 721 2784 oblivionem
742 2716 811 2784 fere
828 2717 917 2810 apud
936 2718 1024 2786 viros
1048 2718 1161 2785 doctos

203 2834 380 2902 adductam
407 2832 657 2927 neglectamque
680 2860 750 2902 esse
772 2833 866 2903 valde
891 2834 1054 2903 dolebam.
1079 2838 1160 2903 Ani·
1242 2854 1245 2859 '

204 2954 446 3021 madverteram
477 2955 660 3046 genuinum
685 2968 878 3022 contextum
907 2951 1044 3022 lacunae
1073 2951 1161 3021 illius

204 3072 237 3136 in
252 3069 337 3137 libro
351 3071 460 3163 primo
477 3095 641 3163 nusquam
655 3071 792 3137 omnino
809 3085 947 3156 exstare,
965 3070 1160 3138 editionem·

203 3212 267 3279 que
293 3188 378 3255 hanc
406 3190 735 3281 praestantissimam,
764 3185 1006 3280 exemplaribus
1037 3190 1162 3281 quippe

206 3302 249 3374 52
282 3318 409 3372 tantum
436 3308 582 3393 excusis,
612 3306 726 3399 paucis
751 3329 821 3373 esse
857 3305 959 3373 visam
991 3305 1161 3398 oculisque

204 3421 388 3490 lustratam.
410 3425 573 3493 Criticum
596 3439 705 3493 tamen
726 3448 865 3491 acumen
884 3425 1161 3517 sagacitatemque

205 3542 238 3606 in
256 3540 451 3632 indagandis
473 3542 742 3636 corrigendisque
763 3542 851 3609 vitiis
865 3543 899 3608 in
914 3540 1006 3610 libris
1021 3541 1161 3634 philolo-

205 3657 283 3749 gieis
309 3660 345 3724 P.
365 3660 402 3726 L.
432 3659 595 3727 Courierii
620 3685 686 3727 non
712 3673 862 3751 poteram
886 3659 1042 3727 admirari
1070 3661 1157 3727 satis.

207 3778 422 3868 Speraveram
441 3778 576 3870 quidem
589 3777 659 3846 fore
672 3793 710 3846 ut
724 3777 775 3847 vel
795 3803 943 3846 summus
960 3778 1160 3845 Germaniae
