2768 4874
273 623 319 706 46
474 627 658 695 ΛΟΓΓΟΥ
687 625 1004 691 ΠΟΙΜΕΝΙΚΩΝ

272 797 328 889 γοίρ
345 821 377 861 σε
401 799 544 886 ὠφελήσει
560 797 594 862 τὸ
610 806 703 888 γῆρας
728 796 800 887 πρὸς
821 796 857 858 τὸ
880 797 920 884 μὴ
941 785 1057 858 διώκειν
1078 793 1128 882 ἐρὲ
1149 792 1230 883 μετὰ

272 947 308 1013 τὸ
333 944 361 1010 ἓν
395 946 520 1036 ριληρια.
546 908 742 1038 Δυσόιίρατος·
760 935 787 1009 δ’
813 946 872 1036 ἐγὼ
897 930 939 1034 (¹)
966 941 1015 1007 καὶ
1040 942 1153 1034 ἱέρακι,
1179 944 1231 1007 καὶ

273 1095 372 1178 ἀετῷ,
402 1095 452 1160 καὶ
475 1095 500 1161 εί
527 1121 572 1172 τις
594 1092 684 1171 ἄλλος
704 1094 814 1159 τούτων
845 1095 991 1184 ὠκύτερος
1019 1092 1106 1183 ὅρνις.
1135 1092 1231 1158 Οὔτοι

272 1251 343 1321 παῖς
361 1246 436 1336 ἐγὼ,
462 1243 552 1308 καὶεί
573 1235 655 1309 δοκῶ
674 1239 864 1324 παῖς,·αλλὰ
889 1250 945 1307 τοῦ
966 1241 1081 1332 Κρόνου
1104 1235 1232 1330 πρεσόό-

272 1416 374 1486 τερος,
391 1392 442 1458 καὶ
455 1395 546 1459 αὐτοῦ
562 1402 614 1458 τοῦ
628 1392 740 1468 παντὸς
755 1391 873 1485 χρόνου.
892 1388 954 1455 Καί
967 1415 1001 1454 σε
1017 1381 1233 1481 οἷδανέμοντα

274 1536 432 1634 πρωθόόην
456 1545 484 1606 ἐν
507 1542 606 1626 ἐκείνῳ
635 1551 679 1625 τῷ
704 1543 762 1606 ἕλει
786 1545 822 1608 τὸ
851 1541 948 1606 πλατὺ
976 1539 1157 1624 βουκόλιον,
1184 1540 1238 1605 καὶ

274 1693 414 1783 παρόριην
431 1717 478 1757 σοι
499 1692 668 1783 ουρίττοντι
687 1695 760 1782 πρὸς
780 1697 846 1767 ταῖς
867 1698 971 1782 ρηγοῒς
990 1687 1129 1773 ἐκείναις,
1148 1691 1240 1764 ἡνίκα

273 1840 345 1932 ἤρας
361 1829 591 1931 Ᾱμαρυλλίδος·
617 1841 698 1906 ἄλλοί
724 1865 760 1933 ρε
781 1843 839 1932 οὐχ
858 1843 967 1932 ἑώρας,
988 1839 1086 1907 καίτοι
1107 1838 1239 1911 πλησίον

274 1988 358 2078 ραλα
373 1998 411 2080 τῇ
427 1986 499 2081 κόριρ
517 1996 707 2079 παρεστῶτα,
724 1985 774 2055 Σοὶ
790 1986 843 2078 μὲν
858 1984 908 2052 οὖν
924 1986 1035 2060 ε’κείνην
1052 1977 1168 2052 ἔδωκα·
1185 1986 1240 2051 καὶ

273 2126 334 2210 ἤδη
359 2161 406 2202 σοι
429 2127 553 2219 παῖδες,
581 2133 689 2227 ἀγαθοὶ
715 2133 855 2219 βουκόλοι
879 2133 929 2200 καὶ
949 2135 1085 2228 γεωργοί.
1113 2138 1175 2200 Νῦν
1201 2126 1238 2200 δὲ

274 2286 384 2374 Δοίρνιν
411 2283 560 2376 ποιριαίνιυ
582 2283 633 2351 καὶ
663 2283 784 2356 Χλόην·
812 2284 864 2350 καὶ
890 2282 978 2357 ἡνίκα
1003 2279 1038 2350 ἂν
1064 2285 1170 2361 αὐτοὺς
1197 2284 1238 2362 εἰς

236 2441 262 2478 ⁵⁸
276 2431 304 2498 ίν
320 2434 480 2527 συναγάγοι
500 2420 541 2523 (²)
565 2433 600 2498 τὸ
620 2433 756 2510 ἑωθινὸν,
780 2432 819 2510 εἰς
836 2433 887 2498 τὸν
913 2433 963 2498 σὸν
980 2434 1106 2525 ἔρχομαι
1122 2443 1237 2517 κῆπον,

275 2581 326 2649 καὶ
342 2584 489 2676 τέρπομαι
508 2589 572 2658 τοῖς
596 2578 693 2647 ἄνθεσι
712 2581 764 2648 καὶ
783 2589 844 2658 τοῖς
865 2588 985 2673 ρυτοῖς,
1010 2584 1064 2649 κάν
1084 2590 1149 2660 ταῖς
1175 2610 1238 2656 πο-

275 2740 341 2827 γαῒς
358 2733 484 2809 ταόταις
506 2733 642 2821 λσόοριαι.
668 2730 727 2798 Διὰ
748 2741 840 2798 τοῦτο
858 2730 938 2798 καλὰ
955 2734 1006 2799 καὶ
1025 2730 1065 2799 τὰ
1092 2728 1164 2806 σίνθη
1185 2732 1240 2803 καὶ

274 2881 316 2950 τὰ
333 2879 433 2972 ρυτὰ,
457 2887 520 2956 τοῖς
539 2881 620 2970 ἐμοῖς
640 2885 774 2972 λουτροῖς
796 2871 952 2971 ἀρδόμενα
969 2871 983 2974 (
998 2869 1024 2968 ).
1047 2862 1114 2973 ὅρα
1135 2873 1170 2947 δὲ
1194 2885 1239 2973 γινί

275 3033 306 3098 τί
332 3057 379 3100 σοι
404 3038 465 3098 τῶν
491 3039 593 3120 φυτῶν
618 3031 886 3113 κατακέκλασται,
912 3034 954 3120 μό
980 3055 1026 3108 τις
1055 3034 1160 3124 ὀπώρα
1188 3057 1239 3099 τε·

274 3183 434 3273 τρόγιται,
458 3183 501 3272 μή
525 3205 570 3256 τις
592 3174 694 3255 σ’ίνθους
716 3173 779 3270 ῥίζα
801 3178 992 3262 πεπότηται,
1020 3182 1063 3270 μί
1084 3205 1129 3257 τις
1153 3186 1237 3273 πηγὴ

311 3396 349 3461 (1)
365 3401 390 3444 Δ’
408 3393 453 3466 ἐγώ
470 3400 558 3455 “.“ΑΒ,
572 3390 716 3462 δυσθήρατός
731 3392 786 3462 ἐγώ.
807 3423 840 3430 -
855 3393 956 3445 Πλοίτων
973 3396 995 3445 ἐν
1012 3394 1150 3464 Εὑόύφρονι·
1168 3398 1239 3447 πετό-

275 3489 343 3559 γιινόν
357 3506 409 3538 τινα
424 3483 527 3544 διώκεις.

312 3583 350 3648 (2)
366 3577 506 3649 Συναγᾶγω,
522 3584 567 3628 ΑΒ.

312 3674 349 3740 (3)
368 3661 547 3741 λρόόμτνα,-
559 3661 651 3738 Ῑουνιὼρ
669 3671 691 3719 ἐν
707 3670 883 3740 ἐπιγράμματι·

416 3759 496 3831 Πηγαὶ
512 3760 537 3808 δ’
554 3757 583 3812 αὖ
599 3760 652 3830 περὶ
667 3761 739 3818 πέζαν
754 3759 906 3819 ἀναόλόζουσι
920 3768 1030 3831 λοετρῶν,

507 3853 563 3908 παῖς
578 3852 631 3918 ἐμὸς
648 3851 674 3908 οίς
690 3852 751 3900 καίει
768 3852 806 3901 σὺν
820 3851 876 3920 πυρὶ
891 3854 1023 3921 νηχόμενος.
