2768 4874
242 703 287 774 70
442 681 626 748 ΛΟΓΓΟΥ
658 684 976 750 ΠΟΙΜΕΝΙΚΩΝ

242 847 355 947 δραμεν
385 854 423 933 εἰς
453 855 489 921 τὸ
512 845 637 940 πεδίον,
667 856 718 921 καὶ
749 853 940 949 περιπλακεὶς
970 863 1007 945 τῇ
1034 853 1121 948 Χλύῃ
1151 855 1202 921 καὶ

238 1006 477 1096 λειποθυμησας,
493 1007 651 1071 κατέπεσε.
667 1004 766 1083 Μύλις
783 994 817 1070 δθ
834 1000 935 1096 έμύιος
951 1005 1009 1072 ὑπὸ
1027 1015 1083 1084 τῆς
1098 1005 1203 1082 Χλόης

242 1157 383 1250 φιλούσης
405 1155 456 1221 καὶ
478 1162 544 1233 ταῖς
562 1151 732 1247 περιῶολαῒς
755 1156 927 1233 θαλπούσης
955 1144 1129 1248 γενόμενος,
1153 1156 1202 1224 έπὶ

243 1310 299 1382 τὴν
318 1308 427 1383 συνήθη
442 1308 537 1400 φηγὸν
554 1275 692 1400 ἔρχεται·
710 1305 761 1373 καὶ
778 1305 840 1373 ύπθ
855 1313 900 1391 τῷ
919 1309 1051 1398 στελέχει
1066 1304 1202 1390 καθίσας,
1256 1363 1260 1368 .

155 1523 158 1531 ,
244 1456 425 1526 ἐπυνθάνετο
455 1468 520 1537 πῶς
552 1450 672 1552 άπέδρα
701 1459 865 1536 τοσούτους
895 1455 1068 1548 πολεμίους.
1105 1441 1134 1523 H
1170 1448 1205 1523 δὲ

247 1611 331 1694 αὐτῷ
351 1602 491 1685 κατέλεξε
511 1609 633 1676 πάντα·
656 1609 708 1674 τὸν
725 1619 791 1674 τῶν
811 1608 903 1701 αἰγῶν
921 1609 1045 1688 κιττὸν,
1070 1607 1121 1674 τὸν
1143 1617 1207 1674 τῶν

246 1753 409 1850 προύάτων
428 1759 583 1850 ῶρυγμὸν,
608 1761 663 1832 τὴν
687 1758 897 1858 έπανθησασαν
917 1767 956 1850 τῇ
973 1763 1088 1850 κεφαλῇ
1106 1755 1212 1839 πίτυν,

248 1906 288 1975 τὸ
304 1912 389 2000 έντῇ
414 1917 547 2001 γῇπύρ,
572 1908 624 1974 τὸν
646 1911 676 1975 ἐν
697 1918 736 2001 τῇ
755 1906 893 2002 θαλάττῃ
913 1909 1052 1993 κτύπον,
1072 1904 1112 1974 τὰ
1134 1903 1214 2000 συρέ-

250 2083 356 2150 σματα
377 2044 418 2148 (¹)
444 2057 616 2151 ἀμφύτερα,
646 2057 683 2125 τὸ
712 2057 875 2151 πολεμικὸν
904 2058 955 2124 καὶ
983 2059 1021 2125 τὸ
1050 2057 1215 2151 εἰρηνικὸν,

252 2212 308 2284 τὴν
326 2211 422 2276 νύκτα
447 2213 501 2284 τὴν
520 2204 666 2303 φούεράν·
691 2211 772 2287 ὅπως
794 2211 872 2303 αὐτῇ
891 2212 946 2283 τήν
970 2199 1042 2274 ύδὸν
1067 2207 1216 2306 άγνοούσιρ

252 2359 446 2451 καθηγησατο
473 2368 528 2438 τῆς
554 2350 629 2426 ὁδοῦ
652 2363 790 2450 μουσική.
817 2357 968 2452 Γνωρίσας
991 2355 1040 2424 οὖν
1066 2362 1082 2423 ὁ
1106 2355 1218 2449 Δάφνις

213 2540 239 2580 ⁸7
252 2504 292 2574 τά
310 2518 371 2574 τῶν
389 2513 526 2601 Νυμφῶν
545 2508 701 2604 ὀνείρατα,
720 2509 772 2576 καὶ
789 2507 830 2575 τὰ
842 2520 900 2578 τοῦ
918 2509 1021 2594 Πανὸς
1041 2509 1131 2602 ἔργα,
1151 2499 1218 2580 διη·
1310 2592 1315 2600 .

237 2661 352 2751 ’γεῒται
369 2658 421 2725 καὶ
444 2660 535 2737 αὐτὸς
553 2661 610 2726 ὅσα
635 2651 729 2745 εἶδεν,
748 2662 806 2725 ὅσα
826 2660 970 2732 ἤκουσεν·
1000 2661 1067 2748 ὅτι,
1097 2661 1217 2751 μέλλων

254 2806 465 2886 οἱποθνησκειν,
496 2801 549 2875 διὰ
575 2807 630 2888 τὰς
653 2811 783 2903 Νύμφας
804 2803 907 2889 έζησε·
926 2807 977 2875 καὶ
994 2808 1049 2878 τλν
1070 2780 1123 2900 μὲν
1142 2807 1220 2873 ἀπο-

255 2959 368 3049 πέμπει
386 2956 570 3049 κομίσουσαν
590 2959 661 3038 τοὺς
677 2958 754 3051 ἀμφὶ
771 2958 824 3026 τὸν
843 2959 979 3053 Δρύαντα
997 2958 1048 3024 καὶ
1063 2956 1220 3049 Λάμωνα,

163 3182 165 3186 .
256 3106 306 3173 καὶ
324 3109 381 3174 ὅσα
398 3110 505 3203 πρέπει
525 3093 567 3201 (²)
589 3107 696 3198 θυσίᾳ·
717 3109 806 3186 αὐτὸς
823 3100 862 3174 ’δὲ
879 3113 908 3175 έν
927 3107 1029 3194 τούτῳ
1047 3116 1107 3173 τῶν
1126 3104 1220 3198 αἰγῶν

257 3259 310 3330 τὴν
340 3257 465 3350 ἀρίστην
490 3253 664 3342 συλλαῶῶν,
688 3257 739 3324 καὶ
762 3267 857 3344 κιττῷ
884 3258 1095 3348 στεφανώσας,
1121 3239 1221 3346 ῶσπερ

220 3472 223 3478 .
258 3406 398 3498 ὤφθησαν
426 3418 486 3488 τοῖς
512 3409 682 3499 πολεμίοις,
709 3407 760 3475 καὶ
787 3408 869 3503 γαλα
889 3419 951 3473 τῶν
975 3406 1109 3502 κεράτων
1127 3431 1223 3473 κατα·-

259 3555 399 3642 σπεύσας,
419 3559 504 3627 ἔθυσέ
519 3586 551 3625 τε
573 3567 639 3639 ταῖς
658 3563 816 3652 Νύμφαις,
835 3558 886 3625 καὶ
902 3557 1055 3651 κρεμάσας
1071 3538 1225 3659 ἀπέδειρε,

258 3707 308 3773 καὶ
325 3708 362 3773 τὸ
383 3699 480 3800 δέρμα
498 3669 648 3780 ἀνέθηκεν.

295 3872 331 3932 (1)
351 3867 496 3938 Συρίσματα,
512 3875 558 3920 AB.

296 3961 334 4027 (ο)
352 3966 451 4032 Πρέπει,
462 3971 490 4014 Α.
503 3971 529 4024 Β,
545 3964 634 4033 πρέπον
648 3965 722 4017 θυσία,
