2768 4874
544 578 802 645 PRAEFATIO.
1104 602 1139 644 ια

187 717 287 790 ¹verbe
308 717 451 809 Ciampii
475 717 511 783 in
536 730 617 784 note
640 717 736 785 initio
762 716 920 809 apposui,
938 717 1061 808 qtu'hus
1083 741 1143 809 pa·

187 847 272 902 teret
289 856 367 905 eum
381 848 452 903 tum
468 835 679 905 Gourierium
693 832 825 903 laedere
834 834 972 909 minime
988 832 1139 910 voluisse.

184 950 334 1029 Multum
362 953 433 1046 ipse
448 952 558 1025 debeo
583 951 721 1031 eruditis
744 950 932 1027 Florentiae
958 949 1140 1029 Bibliothe-

185 1071 301 1156 eariis,
319 1071 410 1165 quod
432 1071 476 1139 ed
499 1069 791 1143 Bondelmontium
813 1095 925 1147 metum
947 1083 1041 1165 grate
1060 1069 1141 1147 olim

186 1212 259 1257 sum
273 1189 452 1283 professus.
466 1192 511 1261 Et
522 1213 637 1271 revera
650 1213 758 1275 nunc,
770 1190 943 1268 (nunerio
955 1189 1142 1261 tristissimo

185 1303 254 1372 fato
281 1303 461 1392 defuneto,
491 1304 665 1400 epistolam
696 1306 783 1376 hanc
812 1309 1047 1391 resecuissem,
1080 1307 1144 1377 nisi

184 1424 356 1514 Ciampius
372 1424 407 1492 in
421 1424 627 1516 praefatione
641 1448 700 1494 sus
714 1423 1055 1503 lectionesvsriantes
1071 1422 1143 1495 illes

183 1539 231 1607 ad
255 1554 385 1611 nostres
407 1564 512 1635 usque
536 1543 605 1612 dies
620 1543 808 1619 ¹servandas
828 1541 1032 1615 credidisset.
1049 1543 1142 1613 Puti-

189 1656 268 1725 dnm
283 1670 332 1726 est
344 1657 388 1728 de
405 1658 530 1730 famosa
543 1660 606 1731 hec
620 1659 677 1729 lite
695 1660 794 1730 verba
813 1660 923 1730 denuo
941 1658 1059 1731 facere.
1079 1660 1144 1729 Sed

188 1778 372 1851 Germanos
393 1803 547 1872 quoque,
566 1794 736 1849 caeterum
756 1781 987 1877 aequissimos,
1006 1781 1042 1847 in
1057 1783 1146 1851 Cou-

179 1896 324 1965 vriorium
340 1898 427 1969 iusto
441 1899 622 1992 iniquiores
640 1899 741 1975 fuisse
754 1898 904 1969 dolemus
921 1924 999 1969 cum
1010 1897 1144 1975 Seiroei·

188 2011 243 2102 tio,
258 2016 344 2084 Hist.
355 2016 396 2084 de
412 2015 443 2089 ta
462 2016 525 2085 litt.
535 2042 606 2112 gr,
616 2033 640 2085 t.
651 2019 712 2105 Vl,
728 2043 761 2112 p.
779 2015 860 2103 245.
870 2017 1044 2093 Editiones
1058 2018 1144 2110 Sup-

187 2129 345 2224 plementi
355 2134 537 2228 peculiares
545 2138 580 2203 in
591 2134 743 2228 catalogo
757 2129 942 2205 editionum
955 2135 1144 2211 recensebo.

189 2333 191 2336 y
238 2251 413 2321 Praeterea
428 2252 538 2323 editor
558 2256 728 2320 Romanus
747 2255 817 2344 ipse
834 2248 1068 2344 supplementa
1086 2276 1145 2320 no·

189 2383 299 2443 terum
310 2367 469 2452 dederat,
483 2393 591 2460 quum
609 2370 644 2435 in
663 2370 751 2439 notis
770 2368 813 2435 nd
829 2369 969 2439 Luciani
981 2370 1146 2453 Asinum,

183 2509 287 2578 *quem
299 2486 404 2553 Lucio
416 2486 567 2560 Patrensi
580 2485 746 2556 vindicat:
765 2489 813 2557 Lu
827 2485 974 2555 Luciade
987 2511 1033 2556 ou
1050 2484 1146 2562 l’Ane

186 2603 229 2673 de
244 2606 368 2673 Lucius
392 2604 434 2672 de
457 2609 593 2691 Petrae,
613 2629 693 2673 avec
717 2603 748 2672 le
769 2620 857 2674 texte
880 2630 957 2700 grec
982 2631 1064 2677 revu
1089 2632 1147 2676 sur

185 2719 351 2813 plusieurs
374 2724 583 2793 manuscrits.
611 2725 724 2809 Paris,
742 2725 870 2810 nobee,
893 2749 984 2795 nune
1001 2724 1146 2806 Merlin,

199 2838 301 2926 1818,
314 2864 412 2936 pagg.
432 2839 512 2928 321,
529 2841 620 2913 in·8⁰
637 2843 733 2925 min,
749 2856 820 2917 tum
839 2845 874 2911 in
889 2845 977 2914 notis
992 2845 1146 2916 Versioni

192 2982 271 3031 suae
287 2957 426 3052 gallicae
444 2960 589 3031 adiectis.
608 2965 698 3031 Haec
716 2959 947 3055 supplementa
963 2958 1004 3033 'tn
1023 2963 1148 3031 Aucta·

193 3079 244 3151 rio
258 3093 373 3151 nostro
387 3083 501 3154 omnie
516 3082 760 3153 accuratissime
773 3082 1002 3175 mpetivimus,
1018 3095 1051 3155 ct
1065 3084 1149 3151 Ver·

188 3196 290 3264 sionis
306 3197 442 3289 quidem
461 3195 600 3292 gallicae
614 3198 753 3292 paginas
770 3198 971 3268 recensionis
989 3213 1149 3290 quartae,

189 3336 276 3406 quae
298 3315 386 3406 apud
406 3315 607 3403 Meriinum‚
627 3319 720 3387 Paris
742 3314 853 3402 1825,
871 3314 989 3387 in-16⁰
1005 3317 1146 3410 prodiit,

189 3446 373 3501 citavimus.

236 3552 343 3623 Notas
361 3566 472 3623 autem
485 3578 620 3646 graecas
635 3553 933 3648 supplementaries
950 3560 987 3626 P.
1001 3557 1041 3624 L.
1055 3557 1146 3624 Cou-

191 3669 394 3762 ricrii,quee
407 3670 559 3745 editionis
575 3676 744 3743 Romanae
758 3675 896 3769 paginas
915 3671 1046 3743 ultimas
1063 3697 1146 3764 qua·

193 3800 280 3872 tuor,
296 3812 315 3857 a
341 3788 408 3884 189
428 3790 470 3859 ad
493 3815 558 3885 192
580 3806 755 3886 occupant,
773 3818 833 3861 suo
847 3791 920 3861 loco
939 3793 974 3867 in
991 3804 1146 3859 contextu

193 3918 346 3973 saetarum
366 3908 562 3977 inseruimus
580 3912 738 4003 uncisque
759 3910 961 3978 inclusimus.
