2768 4874
286 645 332 727 48
489 649 674 715 ΛΟΓΓΟΥ
707 650 1029 718 ΠΟΙΜΕΝΙΚΩΝ

178 866 180 871 ,
285 810 319 885 δέ
335 829 396 885 τῶν
415 817 523 910 ὁμοίων
544 818 633 884 θεῶν·
648 808 719 884 οῦδὲ
737 825 820 908 ὑμεῖς
841 826 984 894 τοσοῦτον
1001 825 1062 883 τῶν
1081 815 1174 909 αἰγῶν
1192 818 1248 900 καὶ

283 975 343 1033 τῶν
362 962 535 1059 προῦοίτων.
556 965 606 1034 Τὰ
630 962 702 1040 οἷνθη
719 965 842 1049 πάντα,
858 949 979 1058 Ιύρωτος
996 967 1088 1058 ἔργα·
1107 964 1146 1032 τὰ
1160 965 1246 1057 ρυτὰ

283 1126 404 1200 ταῦτα,
419 1118 526 1192 τούτου
543 1118 707 1206 ποιήματα.
726 1113 781 1180 Διὰ
794 1124 902 1181 τοῦτον
917 1113 968 1180 καὶ
983 1114 1117 1205 ποταμοὶ
1133 1116 1244 1207 ρόουσι,

240 1288 267 1327 οο
279 1265 329 1334 καὶ
344 1263 446 1358 ἄνεμοι
461 1267 609 1333 πνέουσιν,
626 1247 730 1357 ,ἰδγνων
750 1256 784 1330 δέ
799 1266 857 1357 ἐγὼ
870 1263 922 1330 καὶ
936 1273 1045 1357 ταῦρον
1064 1265 1241 1357 ἐρασθέντα,

279 1416 330 1482 καὶ
349 1421 388 1493 ὡς
412 1413 524 1506 οἴστρῳ
542 1411 665 1505 πληγεὶς
692 1417 841 1504 ἐμυκᾶτο·
861 1412 912 1479 καὶ
937 1411 1047 1506 τροίγον
1068 1416 1242 1506 φιλήσαντα

281 1562 363 1658 αἶγα,
383 1564 433 1630 καὶ
453 1564 609 1638 ἠκολούθει
634 1571 801 1654 πανταχοῦ.
823 1563 923 1639 Αὐτὸς
939 1563 993 1655 μὲν
1015 1561 1072 1656 γὰρ
1094 1564 1173 1653 ἤμην
1193 1549 1239 1656 (¹)

277 1715 341 1789 νέος
355 1763 363 1795 ,
377 1710 428 1777 καὶ
443 1710 574 1803 ηροὶσθην
591 1699 822 1801 Ᾰμαρυλλίδος·
837 1709 887 1776 καὶ
901 1713 970 1777 ούτε
986 1720 1099 1804 τροφῆς
1116 1715 1242 1804 ι’μεμνη·

278 1887 355 1953 μην,
381 1862 451 1927 οὕτε
475 1860 567 1928 ποτὸν
594 1858 839 1951 προσερερόμην,
868 1862 938 1927 οὔτε
967 1863 1057 1928 ὕπνον
1090 1864 1237 1953 ᾑρούμην.

247 1995 397 2103 -Ῐθλγοον
424 2014 480 2085 τὴν
511 2007 619 2101 ψυχὴν,
645 2013 699 2084 τὴν
723 2000 849 2102 καρδίαν
877 2009 1064 2100 ἐπαλλόμην,
1087 2011 1123 2082 τὸ
1147 2020 1241 2102 σῶμα

274 2159 439 2253 ἐψοχόμην·
463 2156 556 2227 ἐθόων
574 2166 612 2238 ὡς
629 2160 800 2252 παιόμενος,
821 2163 955 2227 ἐσιώπων
973 2166 1012 2238 ὡς
1026 2162 1238 2253 νεκρούμενος,

274 2309 313 2387 εἰς
336 2310 491 2401 ποταμοὺς
513 2304 661 2375 ἐνέθαινον
684 2315 724 2387 ὡς
744 2310 900 2401 καόμενος.
920 2293 1055 2376 Εκαλοον
1077 2310 1130 2379 τὸν
1145 2313 1238 2376 Πᾶνα

275 2455 396 2540 βοηθὸν,
425 2463 464 2534 ὡς
489 2456 540 2522 καὶ
565 2457 657 2523 αὐτὸν
682 2466 737 2532 τῆς
760 2456 872 2534 Πίτυος
895 2456 1078 2548 ἐρασθέντα·
1106 2461 1235 2549 ἐπῄνουν

272 2607 325 2678 τὴν
345 2590 433 2696 Ηχὼ,
450 2605 487 2671 τὸ
506 2594 718 2696 Ᾰμαρυλλίδος
734 2605 913 2715 ὅνομαμετ’
931 2605 982 2697 ἐμὲ
998 2610 1158 2673 καλοῦσαν·
1175 2630 1234 2672 κα·

272 2736 385 2816 τέκλων
403 2749 457 2828 τὰς
474 2751 627 2844 σύριγγας,
641 2754 691 2817 ότι
705 2775 756 2842 μοι
771 2749 826 2830 τὰς
841 2752 895 2844 μὲν
915 2753 984 2836 βοῦς
997 2751 1129 2843 ἴθελγον,
1144 2738 1234 2842 Ᾱμα

272 2891 398 2993 ρυλλύδα
414 2890 449 2965 δέ
475 2902 530 2966 οὐκ
555 2895 638 2992 ἦγον.
664 2883 785 2992 Ἑρωτος
805 2897 862 2994 γὰρ
891 2890 976 2967 οὐδὲν
1002 2898 1171 2992 φάρμακον,
1196 2904 1231 2967 ού

269 3050 439 3142 πινόμενον,
464 3053 518 3116 οὐκ
535 3050 714 3140 ἐσθιόμενον,
733 3053 787 3116 οὐκ
808 3055 838 3118 ἐν
858 3040 951 3135 ᾠδαῖς
968 3052 1161 3142 λαλούμενον,
1177 3053 1231 3117 ὅτι

269 3205 310 3290 μὴ
332 3200 463 3293 ριλημκ,
485 3200 539 3268 καὶ
560 3196 715 3294 πιριύολὴ,
736 3198 787 3267 καὶ
813 3201 1084 3292 σογκατακλιθῆναι
1105 3207 1229 3293 γυμνοῖς

268 3351 397 3440 σώμασι.
415 3377 428 3402 ν

228 3553 252 3590 m
321 3499 350 3563 8.
379 3501 512 3578 Φιλητᾶς
533 3501 585 3592 μὲν
603 3510 736 3568 τοσαῦτα
752 3487 794 3594 (²)
815 3493 977 3579 παιδεύσας
995 3503 1109 3580 αὐτοὺς,
1127 3500 1228 3568 ἐπαλ-

302 3774 340 3840 (1)
359 3763 432 3840 lim,
448 3777 473 3821 Β·
489 3764 567 3832 οὖν·
619 3724 623 3729 ⁸
657 3816 662 3828 ·

302 3889 339 3953 (ο)
358 3887 534 3947 Μὲντιααῦτα,
546 3892 592 3936 ΑΒ.
