<?xml version="1.0" encoding="UTF-8"?>
<!DOCTYPE html PUBLIC "-//W3C//DTD XHTML 1.0 Transitional//EN"
    "http://www.w3.org/TR/xhtml1/DTD/xhtml1-transitional.dtd">
<html xmlns="http://www.w3.org/1999/xhtml" xml:lang="en" lang="en">
 <head>
  <title>
</title>
<meta http-equiv="Content-Type" content="text/html;charset=utf-8" />
  <meta name='ocr-system' content='tesseract 3.04.00' />
  <meta name='ocr-capabilities' content='ocr_page ocr_carea ocr_par ocr_line ocrx_word'/>
</head>
<body>
  <div class='ocr_page' id='page_1' title='image "./longipastoralia00sinngoog_0181.png"; bbox 0 0 2768 4874; ppageno 0'>
   <div class='ocr_carea' id='block_1_1' title="bbox 262 680 1006 761">
    <p class='ocr_par' dir='ltr' id='par_1_1' title="bbox 262 680 1006 761">
     <span class='ocr_line' id='line_1_1' title="bbox 262 680 1006 761; baseline -0.003 -15"><span class='ocrx_word' id='word_1_1' title='bbox 262 681 327 761; x_wconf 69' lang='lat'>104</span> <span class='ocrx_word' id='word_1_2' title='bbox 465 681 656 748; x_wconf 88' lang='grc' dir='ltr'>ΛΟΓΓΟΥ</span> <span class='ocrx_word' id='word_1_3' title='bbox 684 680 1006 747; x_wconf 85' lang='grc' dir='ltr'><strong>ΠΟΙΜΕΝΙΚΩΝ</strong></span> 
     </span>
    </p>
   </div>
   <div class='ocr_carea' id='block_1_2' title="bbox 205 834 1222 1842">
    <p class='ocr_par' dir='ltr' id='par_1_2' title="bbox 205 834 1222 1842">
     <span class='ocr_line' id='line_1_2' title="bbox 256 834 1220 946; baseline 0.002 -30"><span class='ocrx_word' id='word_1_4' title='bbox 256 852 413 936; x_wconf 78' lang='grc' dir='ltr'>ἀπολέσει,</span> <span class='ocrx_word' id='word_1_5' title='bbox 438 852 489 917; x_wconf 83' lang='grc' dir='ltr'>καὶ</span> <span class='ocrx_word' id='word_1_6' title='bbox 510 843 608 946; x_wconf 80' lang='grc' dir='ltr'>ἄνδρα</span> <span class='ocrx_word' id='word_1_7' title='bbox 632 850 792 926; x_wconf 74' lang='grc' dir='ltr'>ποιήσεταί</span> <span class='ocrx_word' id='word_1_8' title='bbox 813 875 880 917; x_wconf 90' lang='grc' dir='ltr'>τινα</span> <span class='ocrx_word' id='word_1_9' title='bbox 907 834 968 916; x_wconf 76' lang='grc' dir='ltr'>τιῗιν</span> <span class='ocrx_word' id='word_1_10' title='bbox 993 851 1142 941; x_wconf 77' lang='grc' dir='ltr'>ποιμένων</span> <span class='ocrx_word' id='word_1_11' title='bbox 1171 849 1220 918; x_wconf 84' lang='grc' dir='ltr'>ἐπὶ</span> 
     </span>
     <span class='ocr_line' id='line_1_3' title="bbox 257 990 1220 1092; baseline -0.001 -25"><span class='ocrx_word' id='word_1_12' title='bbox 257 1001 363 1090; x_wconf 78' lang='grc' dir='ltr'>μόλοις</span> <span class='ocrx_word' id='word_1_13' title='bbox 371 998 394 1074; x_wconf 78' lang='grc' dir='ltr'>’ἢ</span> <span class='ocrx_word' id='word_1_14' title='bbox 414 991 525 1092; x_wconf 75' lang='grc' dir='ltr'>ῥόδοις·</span> <span class='ocrx_word' id='word_1_15' title='bbox 543 1001 611 1067; x_wconf 80' lang='grc' dir='ltr'>ἀλλ’</span> <span class='ocrx_word' id='word_1_16' title='bbox 627 999 738 1073; x_wconf 77' lang='grc' dir='ltr'>ἐκείνην</span> <span class='ocrx_word' id='word_1_17' title='bbox 750 1025 784 1067; x_wconf 88' lang='grc' dir='ltr'>τε</span> <span class='ocrx_word' id='word_1_18' title='bbox 797 1009 923 1074; x_wconf 78' lang='grc' dir='ltr'>ποιῆσαι</span> <span class='ocrx_word' id='word_1_19' title='bbox 939 990 1101 1066; x_wconf 75' lang='grc' dir='ltr'>δέσποιναν</span> <span class='ocrx_word' id='word_1_20' title='bbox 1113 997 1220 1087; x_wconf 82' lang='grc' dir='ltr'>οἰκίας,</span> 
     </span>
     <span class='ocr_line' id='line_1_4' title="bbox 256 1142 1222 1242; baseline -0.001 -23"><span class='ocrx_word' id='word_1_21' title='bbox 256 1150 307 1219; x_wconf 79' lang='grc' dir='ltr'>καὶ</span> <span class='ocrx_word' id='word_1_22' title='bbox 333 1153 443 1231; x_wconf 79' lang='grc' dir='ltr'>αὐτοὺς</span> <span class='ocrx_word' id='word_1_23' title='bbox 466 1150 568 1220; x_wconf 77' lang='grc' dir='ltr'>πολλὰ</span> <span class='ocrx_word' id='word_1_24' title='bbox 586 1146 756 1235; x_wconf 76' lang='grc' dir='ltr'>λαθόντας,</span> <span class='ocrx_word' id='word_1_25' title='bbox 783 1142 852 1237; x_wconf 83' lang='grc' dir='ltr'>ἰδίῳ</span> <span class='ocrx_word' id='word_1_26' title='bbox 879 1148 1042 1242; x_wconf 76' lang='grc' dir='ltr'>φυλάττειν</span> <span class='ocrx_word' id='word_1_27' title='bbox 1065 1148 1144 1217; x_wconf 80' lang='grc' dir='ltr'>αὐτὰ</span> <span class='ocrx_word' id='word_1_28' title='bbox 1170 1149 1222 1218; x_wconf 79' lang='grc' dir='ltr'>καὶ</span> 
     </span>
     <span class='ocr_line' id='line_1_5' title="bbox 255 1294 1220 1398; baseline -0.001 -29"><span class='ocrx_word' id='word_1_29' title='bbox 255 1302 368 1396; x_wconf 81' lang='grc' dir='ltr'>γνησίῳ</span> <span class='ocrx_word' id='word_1_30' title='bbox 386 1295 512 1391; x_wconf 85' lang='grc' dir='ltr'>παιδίῳ·</span> <span class='ocrx_word' id='word_1_31' title='bbox 535 1305 665 1398; x_wconf 74' lang='grc' dir='ltr'>ἐγεγόνει</span> <span class='ocrx_word' id='word_1_32' title='bbox 685 1294 720 1369; x_wconf 87' lang='grc' dir='ltr'>δέ</span> <span class='ocrx_word' id='word_1_33' title='bbox 739 1307 839 1380; x_wconf 79' lang='grc' dir='ltr'>αὐτοῖς</span> <span class='ocrx_word' id='word_1_34' title='bbox 860 1298 946 1395; x_wconf 81' lang='grc' dir='ltr'>άρρεν</span> <span class='ocrx_word' id='word_1_35' title='bbox 966 1294 1088 1371; x_wconf 86' lang='grc' dir='ltr'>παιδίον</span> <span class='ocrx_word' id='word_1_36' title='bbox 1108 1305 1143 1370; x_wconf 87' lang='grc' dir='ltr'>οὐ</span> <span class='ocrx_word' id='word_1_37' title='bbox 1161 1301 1220 1395; x_wconf 74' lang='grc' dir='ltr'>πρὸ</span> 
     </span>
     <span class='ocr_line' id='line_1_6' title="bbox 205 1440 1221 1547; baseline -0.004 -25"><span class='ocrx_word' id='word_1_38' title='bbox 205 1481 242 1522; x_wconf 78' lang='lat' dir='ltr'><em>m</em></span> <span class='ocrx_word' id='word_1_39' title='bbox 255 1459 370 1521; x_wconf 81' lang='grc' dir='ltr'>πολλοῦ</span> <span class='ocrx_word' id='word_1_40' title='bbox 388 1479 480 1531; x_wconf 91' lang='grc' dir='ltr'>τινος.</span> <span class='ocrx_word' id='word_1_41' title='bbox 499 1440 529 1520; x_wconf 79' lang='lat' dir='ltr'>O</span> <span class='ocrx_word' id='word_1_42' title='bbox 547 1444 583 1518; x_wconf 87' lang='grc' dir='ltr'>δέ</span> <span class='ocrx_word' id='word_1_43' title='bbox 601 1454 697 1547; x_wconf 90' lang='grc' dir='ltr'>Δρόας</span> <span class='ocrx_word' id='word_1_44' title='bbox 718 1453 795 1519; x_wconf 80' lang='grc' dir='ltr'>ποτὲ</span> <span class='ocrx_word' id='word_1_45' title='bbox 816 1451 870 1544; x_wconf 72' lang='grc' dir='ltr'>μὲν</span> <span class='ocrx_word' id='word_1_46' title='bbox 889 1453 1032 1545; x_wconf 86' lang='grc' dir='ltr'>ἐθέλγετο</span> <span class='ocrx_word' id='word_1_47' title='bbox 1049 1458 1114 1526; x_wconf 84' lang='grc' dir='ltr'>τοῖς</span> <span class='ocrx_word' id='word_1_48' title='bbox 1131 1458 1221 1545; x_wconf 80' lang='grc' dir='ltr'>λεγο·</span> 
     </span>
     <span class='ocr_line' id='line_1_7' title="bbox 256 1592 1222 1695; baseline -0.002 -27"><span class='ocrx_word' id='word_1_49' title='bbox 256 1604 371 1691; x_wconf 84' lang='grc' dir='ltr'>μόνοις·</span> <span class='ocrx_word' id='word_1_50' title='bbox 399 1596 525 1692; x_wconf 76' lang='grc' dir='ltr'>μείζονα·</span> <span class='ocrx_word' id='word_1_51' title='bbox 543 1597 602 1695; x_wconf 87' lang='grc' dir='ltr'>γδιρ</span> <span class='ocrx_word' id='word_1_52' title='bbox 626 1601 646 1675; x_wconf 77' lang='grc' dir='ltr'>ἢ</span> <span class='ocrx_word' id='word_1_53' title='bbox 671 1597 754 1667; x_wconf 81' lang='grc' dir='ltr'>κατὰ</span> <span class='ocrx_word' id='word_1_54' title='bbox 778 1599 997 1693; x_wconf 80' lang='grc' dir='ltr'>ποιμαίνουσαν</span> <span class='ocrx_word' id='word_1_55' title='bbox 1021 1599 1111 1694; x_wconf 86' lang='grc' dir='ltr'>κόρην</span> <span class='ocrx_word' id='word_1_56' title='bbox 1137 1592 1222 1693; x_wconf 85' lang='grc' dir='ltr'>δῶρα</span> 
     </span>
     <span class='ocr_line' id='line_1_8' title="bbox 255 1735 1221 1842; baseline 0.002 -28"><span class='ocrx_word' id='word_1_57' title='bbox 255 1744 427 1842; x_wconf 73' lang='grc' dir='ltr'>ὠνομάζετο</span> <span class='ocrx_word' id='word_1_58' title='bbox 444 1755 515 1842; x_wconf 85' lang='grc' dir='ltr'>παρ’</span> <span class='ocrx_word' id='word_1_59' title='bbox 533 1750 680 1816; x_wconf 78' lang='grc' dir='ltr'>ἑκάστου·</span> <span class='ocrx_word' id='word_1_60' title='bbox 697 1750 770 1816; x_wconf 84' lang='grc' dir='ltr'>ποτέ</span> <span class='ocrx_word' id='word_1_61' title='bbox 789 1741 824 1816; x_wconf 83' lang='grc' dir='ltr'>δέ</span> <span class='ocrx_word' id='word_1_62' title='bbox 841 1752 981 1827; x_wconf 78' lang='grc' dir='ltr'>ἐννυόσας</span> <span class='ocrx_word' id='word_1_63' title='bbox 1001 1735 1043 1842; x_wconf 86' lang='lat'>(¹)</span> <span class='ocrx_word' id='word_1_64' title='bbox 1064 1756 1104 1828; x_wconf 85' lang='grc' dir='ltr'>ὡς</span> <span class='ocrx_word' id='word_1_65' title='bbox 1120 1748 1221 1842; x_wconf 83' lang='grc' dir='ltr'>κρείτ-</span> 
     </span>
    </p>
   </div>
   <div class='ocr_carea' id='block_1_3' title="bbox 254 1897 1223 1993">
    <p class='ocr_par' dir='ltr' id='par_1_3' title="bbox 254 1897 1223 1993">
     <span class='ocr_line' id='line_1_9' title="bbox 254 1897 1223 1993; baseline 0.002 -29"><span class='ocrx_word' id='word_1_66' title='bbox 254 1922 315 1964; x_wconf 86' lang='grc' dir='ltr'>των</span> <span class='ocrx_word' id='word_1_67' title='bbox 336 1897 418 1966; x_wconf 84' lang='grc' dir='ltr'>ἐστὶν</span> <span class='ocrx_word' id='word_1_68' title='bbox 439 1906 459 1974; x_wconf 75' lang='grc' dir='ltr'>ἡ</span> <span class='ocrx_word' id='word_1_69' title='bbox 484 1897 630 1991; x_wconf 78' lang='grc' dir='ltr'>παρθένος</span> <span class='ocrx_word' id='word_1_70' title='bbox 659 1903 838 1993; x_wconf 68' lang='grc' dir='ltr'>μνηστήρων</span> <span class='ocrx_word' id='word_1_71' title='bbox 862 1909 1019 1993; x_wconf 75' lang='grc' dir='ltr'>γεωργῶν,</span> <span class='ocrx_word' id='word_1_72' title='bbox 1043 1899 1094 1967; x_wconf 79' lang='grc' dir='ltr'>καὶ</span> <span class='ocrx_word' id='word_1_73' title='bbox 1117 1906 1175 1985; x_wconf 85' lang='grc' dir='ltr'>ὡς,</span> <span class='ocrx_word' id='word_1_74' title='bbox 1197 1900 1223 1966; x_wconf 84' lang='grc' dir='ltr'>εἴ</span> 
     </span>
    </p>
   </div>
   <div class='ocr_carea' id='block_1_4' title="bbox 156 2031 1223 2146">
    <p class='ocr_par' dir='ltr' id='par_1_4' title="bbox 156 2031 1223 2146">
     <span class='ocr_line' id='line_1_10' title="bbox 156 2031 1223 2146; baseline 0.002 -30"><span class='ocrx_word' id='word_1_75' title='bbox 156 2115 160 2123; x_wconf 84' lang='grc'>,</span> <span class='ocrx_word' id='word_1_76' title='bbox 252 2074 330 2117; x_wconf 87' lang='grc' dir='ltr'>ποτε</span> <span class='ocrx_word' id='word_1_77' title='bbox 349 2051 421 2129; x_wconf 84' lang='grc' dir='ltr'>τοὺς</span> <span class='ocrx_word' id='word_1_78' title='bbox 437 2050 594 2129; x_wconf 78' lang='grc' dir='ltr'>ἀληθινοὺς</span> <span class='ocrx_word' id='word_1_79' title='bbox 607 2053 711 2145; x_wconf 79' lang='grc' dir='ltr'>γονίας</span> <span class='ocrx_word' id='word_1_80' title='bbox 730 2055 820 2145; x_wconf 84' lang='grc' dir='ltr'>εὕροι,</span> <span class='ocrx_word' id='word_1_81' title='bbox 841 2031 978 2146; x_wconf 77' lang='grc' dir='ltr'>μεγάλως</span> <span class='ocrx_word' id='word_1_82' title='bbox 994 2051 1105 2130; x_wconf 74' lang='grc' dir='ltr'>αὐτοὺς</span> <span class='ocrx_word' id='word_1_83' title='bbox 1122 2043 1223 2118; x_wconf 79' lang='grc' dir='ltr'>εὐδαί-</span> 
     </span>
    </p>
   </div>
   <div class='ocr_carea' id='block_1_5' title="bbox 250 2188 1225 3497">
    <p class='ocr_par' dir='ltr' id='par_1_5' title="bbox 250 2188 1225 3497">
     <span class='ocr_line' id='line_1_11' title="bbox 254 2188 1225 2295; baseline 0.001 -27"><span class='ocrx_word' id='word_1_84' title='bbox 254 2226 347 2293; x_wconf 87' lang='grc' dir='ltr'>μονας</span> <span class='ocrx_word' id='word_1_85' title='bbox 368 2201 466 2287; x_wconf 69' lang='grc' dir='ltr'>θήσει,</span> <span class='ocrx_word' id='word_1_86' title='bbox 493 2197 678 2268; x_wconf 75' lang='grc' dir='ltr'>άνεόαλλετο</span> <span class='ocrx_word' id='word_1_87' title='bbox 709 2205 765 2276; x_wconf 74' lang='grc' dir='ltr'>τὴν</span> <span class='ocrx_word' id='word_1_88' title='bbox 789 2201 964 2295; x_wconf 83' lang='grc' dir='ltr'>ἀπόκρισιν,</span> <span class='ocrx_word' id='word_1_89' title='bbox 991 2201 1043 2268; x_wconf 80' lang='grc' dir='ltr'>καὶ</span> <span class='ocrx_word' id='word_1_90' title='bbox 1071 2199 1150 2268; x_wconf 79' lang='grc' dir='ltr'>εἷλκε</span> <span class='ocrx_word' id='word_1_91' title='bbox 1174 2188 1225 2295; x_wconf 71' lang='lat'>(²)</span> 
     </span>
     <span class='ocr_line' id='line_1_12' title="bbox 253 2342 1219 2447; baseline 0.005 -31"><span class='ocrx_word' id='word_1_92' title='bbox 253 2350 359 2443; x_wconf 85' lang='grc' dir='ltr'>χρόνον</span> <span class='ocrx_word' id='word_1_93' title='bbox 373 2355 408 2418; x_wconf 88' lang='grc' dir='ltr'>ἐιι</span> <span class='ocrx_word' id='word_1_94' title='bbox 424 2352 546 2444; x_wconf 81' lang='grc' dir='ltr'>χρόνου,</span> <span class='ocrx_word' id='word_1_95' title='bbox 562 2351 613 2418; x_wconf 78' lang='grc' dir='ltr'>καὶ</span> <span class='ocrx_word' id='word_1_96' title='bbox 630 2355 660 2418; x_wconf 85' lang='grc' dir='ltr'>ἐν</span> <span class='ocrx_word' id='word_1_97' title='bbox 675 2362 722 2447; x_wconf 75' lang='grc' dir='ltr'>τῷ</span> <span class='ocrx_word' id='word_1_98' title='bbox 740 2354 815 2430; x_wconf 85' lang='grc' dir='ltr'>τέως</span> <span class='ocrx_word' id='word_1_99' title='bbox 828 2342 1040 2446; x_wconf 83' lang='grc' dir='ltr'>άπειιέρδαινεν</span> <span class='ocrx_word' id='word_1_100' title='bbox 1057 2356 1113 2420; x_wconf 78' lang='grc' dir='ltr'>οὐκ</span> <span class='ocrx_word' id='word_1_101' title='bbox 1128 2351 1219 2447; x_wconf 83' lang='grc' dir='ltr'>ὀλίγα</span> 
     </span>
     <span class='ocr_line' id='line_1_13' title="bbox 252 2484 1218 2597; baseline 0.005 -34"><span class='ocrx_word' id='word_1_102' title='bbox 252 2489 347 2590; x_wconf 84' lang='grc' dir='ltr'>δῶρα.</span> <span class='ocrx_word' id='word_1_103' title='bbox 373 2484 403 2565; x_wconf 81' lang='grc' dir='ltr'><strong><em>Η</em></strong></span> <span class='ocrx_word' id='word_1_104' title='bbox 433 2500 486 2591; x_wconf 83' lang='grc' dir='ltr'>μὲν</span> <span class='ocrx_word' id='word_1_105' title='bbox 513 2490 554 2574; x_wconf 70' lang='grc' dir='ltr'>δὴ</span> <span class='ocrx_word' id='word_1_106' title='bbox 576 2500 734 2591; x_wconf 83' lang='grc' dir='ltr'>μαθοῦσα,</span> <span class='ocrx_word' id='word_1_107' title='bbox 762 2507 903 2596; x_wconf 80' lang='grc' dir='ltr'>λυπηρῶς</span> <span class='ocrx_word' id='word_1_108' title='bbox 933 2500 1013 2569; x_wconf 88' lang='grc' dir='ltr'>πάνυ</span> <span class='ocrx_word' id='word_1_109' title='bbox 1041 2493 1143 2597; x_wconf 75' lang='grc' dir='ltr'>διῆγε,</span> <span class='ocrx_word' id='word_1_110' title='bbox 1166 2498 1218 2570; x_wconf 83' lang='grc' dir='ltr'>καί</span> 
     </span>
     <span class='ocr_line' id='line_1_14' title="bbox 251 2644 1216 2739; baseline 0.007 -27"><span class='ocrx_word' id='word_1_111' title='bbox 251 2644 305 2712; x_wconf 84' lang='grc' dir='ltr'>τὸν</span> <span class='ocrx_word' id='word_1_112' title='bbox 332 2644 442 2739; x_wconf 83' lang='grc' dir='ltr'>Δάῳνιν</span> <span class='ocrx_word' id='word_1_113' title='bbox 468 2644 624 2714; x_wconf 86' lang='grc' dir='ltr'>ἐλάνθανεν</span> <span class='ocrx_word' id='word_1_114' title='bbox 651 2648 795 2735; x_wconf 78' lang='grc' dir='ltr'>ἐπιπολὺ,</span> <span class='ocrx_word' id='word_1_115' title='bbox 819 2656 924 2718; x_wconf 87' lang='grc' dir='ltr'>λυπεῖν</span> <span class='ocrx_word' id='word_1_116' title='bbox 948 2654 982 2720; x_wconf 82' lang='grc' dir='ltr'>οὐ</span> <span class='ocrx_word' id='word_1_117' title='bbox 1010 2651 1152 2720; x_wconf 80' lang='grc' dir='ltr'>θέλουσα·</span> <span class='ocrx_word' id='word_1_118' title='bbox 1177 2659 1216 2732; x_wconf 84' lang='grc' dir='ltr'>ὡς</span> 
     </span>
     <span class='ocr_line' id='line_1_15' title="bbox 251 2782 1216 2894; baseline 0.007 -32"><span class='ocrx_word' id='word_1_119' title='bbox 251 2788 286 2862; x_wconf 87' lang='grc' dir='ltr'>δὲ</span> <span class='ocrx_word' id='word_1_120' title='bbox 302 2795 438 2890; x_wconf 74' lang='grc' dir='ltr'>ἐλιπάρει</span> <span class='ocrx_word' id='word_1_121' title='bbox 450 2795 501 2864; x_wconf 86' lang='grc' dir='ltr'>καὶ</span> <span class='ocrx_word' id='word_1_122' title='bbox 517 2799 642 2864; x_wconf 80' lang='grc' dir='ltr'>ἐνέκειτο</span> <span class='ocrx_word' id='word_1_123' title='bbox 658 2799 894 2891; x_wconf 88' lang='grc' dir='ltr'>πυνθανόμενος,</span> <span class='ocrx_word' id='word_1_124' title='bbox 911 2799 962 2866; x_wconf 85' lang='grc' dir='ltr'>καὶ</span> <span class='ocrx_word' id='word_1_125' title='bbox 980 2782 1119 2868; x_wconf 79' lang='grc' dir='ltr'>ἐλυπεῖτο</span> <span class='ocrx_word' id='word_1_126' title='bbox 1140 2805 1216 2894; x_wconf 79' lang='grc' dir='ltr'>μᾶλ-</span> 
     </span>
     <span class='ocr_line' id='line_1_16' title="bbox 250 2943 1216 3040; baseline 0.006 -28"><span class='ocrx_word' id='word_1_127' title='bbox 250 2950 302 3012; x_wconf 86' lang='grc' dir='ltr'>λον</span> <span class='ocrx_word' id='word_1_128' title='bbox 322 2949 363 3037; x_wconf 77' lang='grc' dir='ltr'>μὴ</span> <span class='ocrx_word' id='word_1_129' title='bbox 388 2944 563 3037; x_wconf 75' lang='grc' dir='ltr'>μανθάνων,</span> <span class='ocrx_word' id='word_1_130' title='bbox 589 2944 619 3036; x_wconf 25' lang='grc' dir='ltr'>ἢ,</span> <span class='ocrx_word' id='word_1_131' title='bbox 636 2948 741 3038; x_wconf 80' lang='grc' dir='ltr'>ἔμελλε</span> <span class='ocrx_word' id='word_1_132' title='bbox 766 2949 885 3040; x_wconf 78' lang='grc' dir='ltr'>μαθὼν,</span> <span class='ocrx_word' id='word_1_133' title='bbox 912 2949 1017 3016; x_wconf 88' lang='grc' dir='ltr'>πάντα</span> <span class='ocrx_word' id='word_1_134' title='bbox 1040 2953 1124 3037; x_wconf 80' lang='grc' dir='ltr'>αὐτῷ</span> <span class='ocrx_word' id='word_1_135' title='bbox 1151 2943 1216 3025; x_wconf 93' lang='grc' dir='ltr'>διη-</span> 
     </span>
     <span class='ocr_line' id='line_1_17' title="bbox 251 3096 1214 3190; baseline 0.007 -30"><span class='ocrx_word' id='word_1_136' title='bbox 251 3103 369 3188; x_wconf 86' lang='grc' dir='ltr'>γεῖται·</span> <span class='ocrx_word' id='word_1_137' title='bbox 392 3096 463 3176; x_wconf 86' lang='grc' dir='ltr'>τοὺς</span> <span class='ocrx_word' id='word_1_138' title='bbox 490 3100 760 3190; x_wconf 85' lang='grc' dir='ltr'>μνηστευομένους,</span> <span class='ocrx_word' id='word_1_139' title='bbox 785 3105 824 3177; x_wconf 88' lang='grc' dir='ltr'>ὡς</span> <span class='ocrx_word' id='word_1_140' title='bbox 848 3098 956 3166; x_wconf 86' lang='grc' dir='ltr'>πολλοὶ</span> <span class='ocrx_word' id='word_1_141' title='bbox 980 3101 1032 3167; x_wconf 81' lang='grc' dir='ltr'>καὶ</span> <span class='ocrx_word' id='word_1_142' title='bbox 1058 3100 1214 3186; x_wconf 90' lang='grc' dir='ltr'>πλοόσιοι,</span> 
     </span>
     <span class='ocr_line' id='line_1_18' title="bbox 251 3232 1214 3346; baseline 0.007 -35"><span class='ocrx_word' id='word_1_143' title='bbox 251 3245 321 3322; x_wconf 81' lang='grc' dir='ltr'>τοὺς</span> <span class='ocrx_word' id='word_1_144' title='bbox 348 3251 455 3342; x_wconf 83' lang='grc' dir='ltr'>λόγους</span> <span class='ocrx_word' id='word_1_145' title='bbox 482 3246 532 3327; x_wconf 75' lang='grc' dir='ltr'>οὓς</span> <span class='ocrx_word' id='word_1_146' title='bbox 560 3253 579 3321; x_wconf 74' lang='grc' dir='ltr'>ἡ</span> <span class='ocrx_word' id='word_1_147' title='bbox 605 3248 699 3322; x_wconf 91' lang='grc' dir='ltr'>Νάπη</span> <span class='ocrx_word' id='word_1_148' title='bbox 729 3232 902 3316; x_wconf 83' lang='grc' dir='ltr'>σπεόδουσα</span> <span class='ocrx_word' id='word_1_149' title='bbox 928 3251 1003 3345; x_wconf 83' lang='grc' dir='ltr'>πρὸς</span> <span class='ocrx_word' id='word_1_150' title='bbox 1035 3250 1089 3317; x_wconf 84' lang='grc' dir='ltr'>τὸν</span> <span class='ocrx_word' id='word_1_151' title='bbox 1115 3251 1214 3346; x_wconf 86' lang='grc' dir='ltr'>γάμον</span> 
     </span>
     <span class='ocr_line' id='line_1_19' title="bbox 250 3395 1213 3497; baseline 0.009 -36"><span class='ocrx_word' id='word_1_152' title='bbox 250 3395 364 3489; x_wconf 76' lang='grc' dir='ltr'>ἔλεγεν,</span> <span class='ocrx_word' id='word_1_153' title='bbox 383 3402 423 3474; x_wconf 89' lang='grc' dir='ltr'>ὡς</span> <span class='ocrx_word' id='word_1_154' title='bbox 442 3402 495 3464; x_wconf 84' lang='grc' dir='ltr'>οὐκ</span> <span class='ocrx_word' id='word_1_155' title='bbox 513 3397 667 3466; x_wconf 79' lang='grc' dir='ltr'>ἀπείπατο</span> <span class='ocrx_word' id='word_1_156' title='bbox 686 3401 801 3492; x_wconf 80' lang='grc' dir='ltr'>Δρύας,</span> <span class='ocrx_word' id='word_1_157' title='bbox 821 3399 887 3467; x_wconf 77' lang='grc' dir='ltr'>ἀλλ’</span> <span class='ocrx_word' id='word_1_158' title='bbox 908 3406 947 3480; x_wconf 86' lang='grc' dir='ltr'>ὡς</span> <span class='ocrx_word' id='word_1_159' title='bbox 966 3401 1006 3479; x_wconf 84' lang='grc' dir='ltr'>εἰς</span> <span class='ocrx_word' id='word_1_160' title='bbox 1026 3402 1080 3468; x_wconf 87' lang='grc' dir='ltr'>τὸν</span> <span class='ocrx_word' id='word_1_161' title='bbox 1101 3428 1213 3497; x_wconf 89' lang='grc' dir='ltr'>τρυγη-</span> 
     </span>
    </p>
   </div>
   <div class='ocr_carea' id='block_1_6' title="bbox 248 3541 539 3620">
    <p class='ocr_par' dir='ltr' id='par_1_6' title="bbox 248 3541 539 3620">
     <span class='ocr_line' id='line_1_20' title="bbox 248 3541 539 3620; baseline -0.003 -9"><span class='ocrx_word' id='word_1_162' title='bbox 248 3545 302 3611; x_wconf 87' lang='grc' dir='ltr'>τὸν</span> <span class='ocrx_word' id='word_1_163' title='bbox 321 3541 539 3620; x_wconf 74' lang='grc' dir='ltr'>ἀναόέόληται.</span> 
     </span>
    </p>
   </div>
   <div class='ocr_carea' id='block_1_7' title="bbox 282 3830 828 4002">
    <p class='ocr_par' dir='ltr' id='par_1_7' title="bbox 282 3830 828 4002">
     <span class='ocr_line' id='line_1_21' title="bbox 282 3830 828 3911; baseline 0.005 -22"><span class='ocrx_word' id='word_1_164' title='bbox 282 3840 320 3905; x_wconf 92' lang='lat'>(1)</span> <span class='ocrx_word' id='word_1_165' title='bbox 336 3830 541 3911; x_wconf 71' lang='grc' dir='ltr'>Ι1δννοτίσοις”.ΑΒ,</span> <span class='ocrx_word' id='word_1_166' title='bbox 556 3839 615 3890; x_wconf 77' lang='grc' dir='ltr'>ποτί</span> <span class='ocrx_word' id='word_1_167' title='bbox 627 3837 656 3890; x_wconf 81' lang='grc' dir='ltr'>δὲ</span> <span class='ocrx_word' id='word_1_168' title='bbox 668 3843 700 3899; x_wconf 83' lang='grc' dir='ltr'>ὡς</span> <span class='ocrx_word' id='word_1_169' title='bbox 715 3844 828 3911; x_wconf 74' lang='grc' dir='ltr'>κρεῖττον.</span> 
     </span>
     <span class='ocr_line' id='line_1_22' title="bbox 283 3921 613 4002; baseline 0.006 -23"><span class='ocrx_word' id='word_1_170' title='bbox 283 3934 319 3994; x_wconf 76' lang='grc' dir='ltr'>(ο)</span> <span class='ocrx_word' id='word_1_171' title='bbox 339 3921 418 3992; x_wconf 79' lang='grc' dir='ltr'>Εἷλιιε,</span> <span class='ocrx_word' id='word_1_172' title='bbox 432 3937 459 3980; x_wconf 78' lang='grc' dir='ltr'>Α.</span> <span class='ocrx_word' id='word_1_173' title='bbox 476 3936 508 3991; x_wconf 85' lang='grc' dir='ltr'>Β,</span> <span class='ocrx_word' id='word_1_174' title='bbox 520 3931 613 4002; x_wconf 77' lang='grc' dir='ltr'>ἦνιγιιε.</span> 
     </span>
    </p>
   </div>
   <div class='ocr_carea' id='block_1_8' title="bbox 0 0 1388 4874">
    <p class='ocr_par' dir='ltr' id='par_1_8' title="bbox 0 0 1388 4874">
     <span class='ocr_line' id='line_1_23' title="bbox 0 0 1388 4874; baseline 0 3"><span class='ocrx_word' id='word_1_175' title='bbox 0 0 1388 4874; x_wconf 95' lang='lat' dir='ltr'> </span> 
     </span>
    </p>
   </div>
  </div>
 </body>
</html>
