2768 4874
221 581 267 650 60
432 592 617 655 ΛΟΓΓΟΥ
650 593 971 658 ΠΟΙΜΕΝΙΚΩΝ

221 907 260 972 ἀκ

220 768 389 980 τιμῗῆσαι
412 750 526 825 δίκαιον
543 752 726 849 νομίζοντες,
743 759 954 838 Μιτυληναίοις
974 761 1027 851 μὲν
1049 761 1180 851 πόλεμον

299 932 387 973 υκτον
420 906 622 998 ἐψηφίσαντο,
656 910 709 994 τὸν
742 900 777 973 θέ
808 910 973 1003 στρατηγὸν
1007 910 1178 986 ἐκέλευσαν,

221 1048 296 1122 δέκα
320 1067 388 1134 ναῦς
414 1058 660 1142 καθελκύσαντα,
688 1066 861 1151 κακουργεῖν
881 1024 978 1124 αὐτῶν
1003 1061 1070 1159 την
1087 1084 1180 1149 παφα-

162 1193 165 1199 ·
219 1203 306 1270 λίαν·
328 1203 455 1277 πλησίον
477 1204 534 1298 γὰρ
561 1212 706 1297 χειμῶνος
728 1205 829 1290 όντος,
854 1208 906 1298 οὐκ
925 1203 961 1278 ἦν
987 1204 1118 1296 ἀσφαλὲς
1136 1192 1178 1296 (¹)

221 1347 341 1443 μείζονα
353 1353 461 1421 στόλον
476 1355 621 1455 πιστεύειν
641 1363 681 1446 τῇ
697 1352 847 1446 θαλάττρ.

274 1527 326 1568 20.
356 1489 384 1568 ί)
408 1492 442 1568 θὲ
464 1501 545 1580 εὐθὺς
570 1512 623 1579 τῆς
649 1502 786 1579 ἐπιούσας
806 1494 985 1595 ἀναγόμενος
1008 1503 1178 1594 αὐτερέταις

220 1653 437 1740 στρατιώταις,
463 1652 583 1717 ἐπέπλει
603 1657 666 1727 τοῖς
691 1648 944 1742 παραθαλαττίοις
967 1660 1026 1716 τῶν
1044 1652 1178 1721 Μιτυλη-

215 1795 304 1863 ναίων
322 1798 432 1890 ἀγφοῒς.
454 1797 516 1863 Καὶ
535 1761 635 1863 πολλὰ
658 1799 710 1888 μὲν
728 1792 841 1890 ἥρπαζε
860 1797 1003 1892 ποίμνια,
1026 1800 1121 1866 πολὺν
1142 1790 1177 1865 δὲ

216 1955 299 2014 σῖτον
323 1946 374 2013 καὶ
391 1943 484 2031 οἶνον,
506 1943 573 2040 ἀρτι
594 1951 786 2039 πεπαυμένου
806 1959 859 2015 τοῦ
876 1959 1038 2042 τρυγητοῦ,
1060 1949 1110 2014 καὶ
1128 1934 1185 2013 ἀν’

215 2095 350 2188 θρώπους
369 2089 404 2163 δὲ
421 2100 477 2164 οὐκ
491 2099 621 2191 ὀλίγους,
642 2083 704 2166 ὅσοι
718 2100 832 2165 τούτων
854 2097 986 2192 ἐγράται.
1001 2086 1177 2165 Επέπλευσε

214 2242 265 2310 καὶ
287 2250 347 2322 τοῖς
367 2254 420 2342 τῆς
437 2245 540 2324 Χλόης
566 2232 664 2340 ἀγροῖς
690 2246 741 2313 καὶ
766 2257 819 2345 τοῦ
840 2236 1004 2337 Δάφνιθος·
1028 2243 1078 2310 καὶ
1101 2242 1177 2310 ἀπό-

176 2416 202 2456 τι
217 2386 304 2457 όασιν
330 2384 425 2468 όξεῒαν
444 2392 584 2483 θέμενος,
605 2392 687 2460 λείαν
708 2395 818 2469 ἤλαυνε
839 2393 879 2460 τὰ
903 2393 1046 2461 ἐν’ποσίν.
1070 2379 1099 2459 ί)
1122 2393 1175 2483 μὲν
1198 2418 1201 2424 ’

157 2615 159 2620 ,
213 2541 321 2633 Δοίφνις
339 2547 393 2610 οὐκ
410 2547 492 2636 ἔνεμε
511 2543 566 2622 τὰς
588 2541 693 2638 αἶγας,
717 2542 796 2610 ἀλλά
815 2549 842 2621 ἐς
861 2547 917 2618 την
938 2547 1012 2615 ὕλην
1032 2542 1173 2626 ἀνελθὼν,

212 2676 352 2783 φυλλάδα
367 2691 487 2786 χλωρὰν
502 2695 637 2778 ἔκοπτεν,
656 2700 697 2771 ὡς
715 2695 776 2784 ἔχοι
792 2699 845 2759 τοῦ
863 2680 905 2785 (²)
921 2701 1064 2782 χειμῶνος
1079 2694 1171 2782 παρέ-

211 2854 273 2932 χειν
296 2847 356 2917 τοῖς
379 2837 488 2933 ἐρίφοις
512 2805 637 2933 τροφόν·
668 2847 746 2907 ὥστε
772 2837 881 2907 ἀνωθεν
908 2839 1088 2932 θεασόμενος
1112 2829 1168 2914 τὴν

210 2981 422 3083 καταδρομὴν,
444 2988 599 3084 ἐνέκρυψεν
618 2992 722 3057 ἑαυτὸν
744 2994 878 3082 στελέχει
904 2990 996 3076 κοιλῳ
1014 2976 1057 3081 ()
1074 2983 1096 3067 ξ
1118 2994 1170 3081 ράς

209 3131 307 3215 ὀξύης.
331 3126 360 3204 H
388 3130 422 3205 δὲ
447 3116 534 3227 Χλόη
559 3149 657 3233 παρῆν
681 3145 746 3217 ταῖς
766 3140 900 3233 ἀγέλαις·
928 3138 979 3205 καὶ
1001 3129 1168 3229 διωκομένη
1239 3168 1242 3172 ·

208 3289 389 3380 καταφεύγει
409 3276 453 3380 (⁴)
475 3291 551 3382 πρὸς
569 3287 632 3368 τὰς,
644 3291 774 3382 Νύμφας
797 3290 904 3374 ἱκέτις,
922 3287 973 3354 καὶ
992 3280 1087 3355 ἐθεῒτο
1106 3285 1168 3378 φεί-

243 3567 279 3629 (1)
304 3551 337 3614 ἦν
354 3559 529 3629 ἀσφαλές,ἐιΒ.
626 3582 629 3586 ·

245 3660 281 3720 (²)
301 3643 333 3712 έλς
348 3654 398 3717 έχοι
410 3658 460 3711 τοῦ,
469 3658 515 3701 ΑΒ.

244 3748 282 3813 (3)
302 3745 410 3816 Μόλῳ*Ι
424 3742 547 3812 ΑΒ,ξὺλῳ.

243 3840 281 3906 (4)
301 3838 461 3908 Καταφεύγιι,
472 3842 517 3886 ΑΒ.
