<?xml version="1.0" encoding="UTF-8"?>
<!DOCTYPE html PUBLIC "-//W3C//DTD XHTML 1.0 Transitional//EN"
    "http://www.w3.org/TR/xhtml1/DTD/xhtml1-transitional.dtd">
<html xmlns="http://www.w3.org/1999/xhtml" xml:lang="en" lang="en">
 <head>
  <title>
</title>
<meta http-equiv="Content-Type" content="text/html;charset=utf-8" />
  <meta name='ocr-system' content='tesseract 3.04.00' />
  <meta name='ocr-capabilities' content='ocr_page ocr_carea ocr_par ocr_line ocrx_word'/>
</head>
<body>
  <div class='ocr_page' id='page_1' title='image "./longipastoralia00sinngoog_0106.png"; bbox 0 0 2768 4874; ppageno 0'>
   <div class='ocr_carea' id='block_1_1' title="bbox 431 654 1102 743">
    <p class='ocr_par' dir='ltr' id='par_1_1' title="bbox 431 654 1102 743">
     <span class='ocr_line' id='line_1_1' title="bbox 431 654 1102 743; baseline -0.004 -24"><span class='ocrx_word' id='word_1_1' title='bbox 431 654 587 720; x_wconf 82' lang='grc' dir='ltr'>ΛΟΓΟΣ</span> <span class='ocrx_word' id='word_1_2' title='bbox 616 657 822 723; x_wconf 83' lang='grc' dir='ltr'><strong>ΠΡΩΤΟΣ.</strong></span> <span class='ocrx_word' id='word_1_3' title='bbox 1059 673 1102 743; x_wconf 76' lang='grc' dir='ltr'>σγ</span> 
     </span>
    </p>
   </div>
   <div class='ocr_carea' id='block_1_2' title="bbox 147 797 1225 2254">
    <p class='ocr_par' dir='ltr' id='par_1_2' title="bbox 147 797 1225 2254">
     <span class='ocr_line' id='line_1_2' title="bbox 149 797 1106 912; baseline -0.003 -25"><span class='ocrx_word' id='word_1_4' title='bbox 149 830 282 898; x_wconf 83' lang='grc' dir='ltr'>σπῶντες</span> <span class='ocrx_word' id='word_1_5' title='bbox 299 820 335 886; x_wconf 86' lang='grc' dir='ltr'>τὸ</span> <span class='ocrx_word' id='word_1_6' title='bbox 354 809 465 912; x_wconf 78' lang='grc' dir='ltr'>δέρμα,</span> <span class='ocrx_word' id='word_1_7' title='bbox 494 830 549 887; x_wconf 79' lang='grc' dir='ltr'>τοῦ</span> <span class='ocrx_word' id='word_1_8' title='bbox 568 797 712 911; x_wconf 78' lang='grc' dir='ltr'>σώματος</span> <span class='ocrx_word' id='word_1_9' title='bbox 728 824 866 894; x_wconf 81' lang='grc' dir='ltr'>ἥπτοντο</span> <span class='ocrx_word' id='word_1_10' title='bbox 891 822 1001 902; x_wconf 83' lang='grc' dir='ltr'>αὐτοῦ,</span> <span class='ocrx_word' id='word_1_11' title='bbox 1027 818 1106 910; x_wconf 82' lang='grc' dir='ltr'>μέγα</span> 
     </span>
     <span class='ocr_line' id='line_1_3' title="bbox 148 957 1105 1060; baseline 0.002 -25"><span class='ocrx_word' id='word_1_12' title='bbox 148 962 294 1060; x_wconf 77' lang='grc' dir='ltr'>οἰμώξας,</span> <span class='ocrx_word' id='word_1_13' title='bbox 317 968 428 1045; x_wconf 80' lang='grc' dir='ltr'>ἱκέτευε</span> <span class='ocrx_word' id='word_1_14' title='bbox 450 969 565 1052; x_wconf 83' lang='grc' dir='ltr'>βοηθεῖν</span> <span class='ocrx_word' id='word_1_15' title='bbox 590 972 645 1043; x_wconf 81' lang='grc' dir='ltr'>τήν</span> <span class='ocrx_word' id='word_1_16' title='bbox 664 967 754 1060; x_wconf 90' lang='grc' dir='ltr'>κόρην</span> <span class='ocrx_word' id='word_1_17' title='bbox 773 965 894 1037; x_wconf 80' lang='grc' dir='ltr'>καὶτὸν</span> <span class='ocrx_word' id='word_1_18' title='bbox 917 965 1025 1058; x_wconf 83' lang='grc' dir='ltr'>Δάρνιν</span> <span class='ocrx_word' id='word_1_19' title='bbox 1044 957 1105 1038; x_wconf 74' lang='grc' dir='ltr'>ἤδη</span> 
     </span>
     <span class='ocr_line' id='line_1_4' title="bbox 147 1083 1108 1209; baseline -0.004 -25"><span class='ocrx_word' id='word_1_20' title='bbox 147 1116 294 1209; x_wconf 85' lang='grc' dir='ltr'>παρόντα.</span> <span class='ocrx_word' id='word_1_21' title='bbox 320 1118 398 1194; x_wconf 83' lang='grc' dir='ltr'>Τοὺς</span> <span class='ocrx_word' id='word_1_22' title='bbox 422 1117 475 1209; x_wconf 83' lang='grc' dir='ltr'>μὲν</span> <span class='ocrx_word' id='word_1_23' title='bbox 499 1083 647 1194; x_wconf 80' lang='grc' dir='ltr'>δήκόνας</span> <span class='ocrx_word' id='word_1_24' title='bbox 666 1104 705 1206; x_wconf 82' lang='lat'>(¹)</span> <span class='ocrx_word' id='word_1_25' title='bbox 729 1119 891 1192; x_wconf 74' lang='grc' dir='ltr'>ἀνακλήσει</span> <span class='ocrx_word' id='word_1_26' title='bbox 914 1116 1029 1190; x_wconf 88' lang='grc' dir='ltr'>συνήθει</span> <span class='ocrx_word' id='word_1_27' title='bbox 1054 1141 1108 1181; x_wconf 80' lang='grc' dir='ltr'>τα-</span> 
     </span>
     <span class='ocr_line' id='line_1_5' title="bbox 150 1257 1108 1360; baseline -0.003 -27"><span class='ocrx_word' id='word_1_28' title='bbox 150 1269 226 1359; x_wconf 83' lang='grc' dir='ltr'>χέως</span> <span class='ocrx_word' id='word_1_29' title='bbox 253 1267 428 1359; x_wconf 85' lang='grc' dir='ltr'>ήμέρωσαν,</span> <span class='ocrx_word' id='word_1_30' title='bbox 454 1265 506 1332; x_wconf 87' lang='grc' dir='ltr'>τὸν</span> <span class='ocrx_word' id='word_1_31' title='bbox 534 1257 569 1332; x_wconf 83' lang='grc' dir='ltr'>δὲ</span> <span class='ocrx_word' id='word_1_32' title='bbox 592 1268 734 1360; x_wconf 89' lang='grc' dir='ltr'>Δόρκωνα</span> <span class='ocrx_word' id='word_1_33' title='bbox 758 1265 840 1333; x_wconf 84' lang='grc' dir='ltr'>κατά</span> <span class='ocrx_word' id='word_1_34' title='bbox 865 1291 900 1333; x_wconf 84' lang='grc' dir='ltr'>τε</span> <span class='ocrx_word' id='word_1_35' title='bbox 929 1275 1029 1358; x_wconf 78' lang='grc' dir='ltr'>μηρῶν</span> <span class='ocrx_word' id='word_1_36' title='bbox 1056 1263 1108 1330; x_wconf 86' lang='grc' dir='ltr'>καὶ</span> 
     </span>
     <span class='ocr_line' id='line_1_6' title="bbox 151 1405 1108 1509; baseline -0.004 -28"><span class='ocrx_word' id='word_1_37' title='bbox 151 1419 240 1507; x_wconf 87' lang='grc' dir='ltr'>ὤμων</span> <span class='ocrx_word' id='word_1_38' title='bbox 262 1405 461 1507; x_wconf 77' lang='grc' dir='ltr'>δεδηγμένον,</span> <span class='ocrx_word' id='word_1_39' title='bbox 482 1415 649 1509; x_wconf 81' lang='grc' dir='ltr'>ἀγαγόντες</span> <span class='ocrx_word' id='word_1_40' title='bbox 670 1415 720 1483; x_wconf 83' lang='grc' dir='ltr'>ε’πὶ</span> <span class='ocrx_word' id='word_1_41' title='bbox 741 1417 798 1489; x_wconf 77' lang='grc' dir='ltr'>τήν</span> <span class='ocrx_word' id='word_1_42' title='bbox 821 1417 937 1507; x_wconf 75' lang='grc' dir='ltr'>πηγὴν,</span> <span class='ocrx_word' id='word_1_43' title='bbox 961 1409 1108 1500; x_wconf 79' lang='grc' dir='ltr'>ἀπόνιψαν</span> 
     </span>
     <span class='ocr_line' id='line_1_7' title="bbox 151 1556 1109 1658; baseline -0.004 -26"><span class='ocrx_word' id='word_1_44' title='bbox 151 1563 193 1632; x_wconf 84' lang='grc' dir='ltr'>τδι</span> <span class='ocrx_word' id='word_1_45' title='bbox 218 1556 379 1658; x_wconf 88' lang='grc' dir='ltr'>δήγματα,</span> <span class='ocrx_word' id='word_1_46' title='bbox 406 1565 456 1631; x_wconf 81' lang='grc' dir='ltr'>ἵνα</span> <span class='ocrx_word' id='word_1_47' title='bbox 479 1562 555 1638; x_wconf 78' lang='grc' dir='ltr'>ἦσαν</span> <span class='ocrx_word' id='word_1_48' title='bbox 581 1572 642 1636; x_wconf 79' lang='grc' dir='ltr'>τῶν,</span> <span class='ocrx_word' id='word_1_49' title='bbox 667 1556 802 1632; x_wconf 84' lang='grc' dir='ltr'>ὀδόντων</span> <span class='ocrx_word' id='word_1_50' title='bbox 829 1565 859 1630; x_wconf 84' lang='grc' dir='ltr'>αἱ</span> <span class='ocrx_word' id='word_1_51' title='bbox 885 1559 1031 1656; x_wconf 76' lang='grc' dir='ltr'>ἐμόσλαὶ,</span> <span class='ocrx_word' id='word_1_52' title='bbox 1058 1561 1109 1628; x_wconf 84' lang='grc' dir='ltr'>καὶ</span> 
     </span>
     <span class='ocr_line' id='line_1_8' title="bbox 151 1705 1225 1806; baseline -0.002 -27"><span class='ocrx_word' id='word_1_53' title='bbox 151 1705 431 1806; x_wconf 84' lang='grc' dir='ltr'>διαμασσησάμινοι</span> <span class='ocrx_word' id='word_1_54' title='bbox 464 1715 575 1806; x_wconf 79' lang='grc' dir='ltr'>ιρλοιθνΙ</span> <span class='ocrx_word' id='word_1_55' title='bbox 600 1715 717 1806; x_wconf 84' lang='grc' dir='ltr'>χλωρὸν</span> <span class='ocrx_word' id='word_1_56' title='bbox 753 1715 903 1799; x_wconf 78' lang='grc' dir='ltr'>πτελέας,</span> <span class='ocrx_word' id='word_1_57' title='bbox 937 1717 1108 1782; x_wconf 81' lang='grc' dir='ltr'>ἐπέπασαν·</span> <span class='ocrx_word' id='word_1_58' title='bbox 1217 1746 1225 1759; x_wconf 88' lang='grc'><em>·</em></span> 
     </span>
     <span class='ocr_line' id='line_1_9' title="bbox 151 1860 1111 1955; baseline -0.001 -28"><span class='ocrx_word' id='word_1_59' title='bbox 151 1862 210 1928; x_wconf 84' lang='grc' dir='ltr'>ὑπό</span> <span class='ocrx_word' id='word_1_60' title='bbox 234 1888 269 1928; x_wconf 88' lang='grc' dir='ltr'>τε</span> <span class='ocrx_word' id='word_1_61' title='bbox 293 1860 427 1954; x_wconf 80' lang='grc' dir='ltr'>ἀπειρίας</span> <span class='ocrx_word' id='word_1_62' title='bbox 452 1866 601 1955; x_wconf 78' lang='grc' dir='ltr'>ἐρωτικῶν</span> <span class='ocrx_word' id='word_1_63' title='bbox 621 1861 828 1955; x_wconf 74' lang='grc' dir='ltr'>τολμημάτων</span> <span class='ocrx_word' id='word_1_64' title='bbox 849 1867 1023 1954; x_wconf 79' lang='grc' dir='ltr'>ποιμενικην</span> <span class='ocrx_word' id='word_1_65' title='bbox 1041 1887 1111 1928; x_wconf 87' lang='grc' dir='ltr'>παι-</span> 
     </span>
     <span class='ocr_line' id='line_1_10' title="bbox 152 1998 1109 2104; baseline 0.001 -28"><span class='ocrx_word' id='word_1_66' title='bbox 152 2001 219 2078; x_wconf 83' lang='grc' dir='ltr'>διδιν</span> <span class='ocrx_word' id='word_1_67' title='bbox 242 1998 413 2102; x_wconf 78' lang='grc' dir='ltr'>νομίζοντες</span> <span class='ocrx_word' id='word_1_68' title='bbox 433 2016 489 2086; x_wconf 81' lang='grc' dir='ltr'>τήν</span> <span class='ocrx_word' id='word_1_69' title='bbox 512 2008 654 2086; x_wconf 72' lang='grc' dir='ltr'>ἐπιθολην</span> <span class='ocrx_word' id='word_1_70' title='bbox 679 2023 733 2080; x_wconf 79' lang='grc' dir='ltr'>τοῦ</span> <span class='ocrx_word' id='word_1_71' title='bbox 757 2003 928 2104; x_wconf 80' lang='grc' dir='ltr'>δέρματος,</span> <span class='ocrx_word' id='word_1_72' title='bbox 953 2003 1039 2078; x_wconf 80' lang='grc' dir='ltr'>οὐδὲν</span> <span class='ocrx_word' id='word_1_73' title='bbox 1060 2017 1109 2104; x_wconf 90' lang='grc' dir='ltr'>ὀρ-</span> 
     </span>
     <span class='ocr_line' id='line_1_11' title="bbox 152 2159 1111 2254; baseline 0 -28"><span class='ocrx_word' id='word_1_74' title='bbox 152 2160 318 2252; x_wconf 88' lang='grc' dir='ltr'>γισθέντες,</span> <span class='ocrx_word' id='word_1_75' title='bbox 339 2159 418 2226; x_wconf 86' lang='grc' dir='ltr'>ἀλλὰ</span> <span class='ocrx_word' id='word_1_76' title='bbox 442 2162 493 2227; x_wconf 90' lang='grc' dir='ltr'>καὶ</span> <span class='ocrx_word' id='word_1_77' title='bbox 513 2161 817 2254; x_wconf 78' lang='grc' dir='ltr'>παραμυθησόμενοι,</span> <span class='ocrx_word' id='word_1_78' title='bbox 844 2159 894 2226; x_wconf 88' lang='grc' dir='ltr'>καὶ</span> <span class='ocrx_word' id='word_1_79' title='bbox 920 2161 1007 2252; x_wconf 85' lang='grc' dir='ltr'>μέχρι</span> <span class='ocrx_word' id='word_1_80' title='bbox 1031 2161 1111 2238; x_wconf 83' lang='grc' dir='ltr'>τινὸς</span> 
     </span>
    </p>
   </div>
   <div class='ocr_carea' id='block_1_3' title="bbox 151 2303 658 2400">
    <p class='ocr_par' dir='ltr' id='par_1_3' title="bbox 151 2303 658 2400">
     <span class='ocr_line' id='line_1_12' title="bbox 151 2303 658 2400; baseline 0.004 -28"><span class='ocrx_word' id='word_1_81' title='bbox 151 2312 446 2400; x_wconf 81' lang='grc' dir='ltr'>χειραγωγήσαντες,</span> <span class='ocrx_word' id='word_1_82' title='bbox 465 2303 658 2400; x_wconf 77' lang='grc' dir='ltr'>ἀπέπεμψαν.</span> 
     </span>
    </p>
   </div>
   <div class='ocr_carea' id='block_1_4' title="bbox 208 2497 1153 2639">
    <p class='ocr_par' dir='ltr' id='par_1_4' title="bbox 208 2497 1153 2639">
     <span class='ocr_line' id='line_1_13' title="bbox 337 2497 1110 2573; baseline 0.005 -7"><span class='ocrx_word' id='word_1_83' title='bbox 337 2543 345 2566; x_wconf 76' lang='grc' dir='ltr'>λ</span> <span class='ocrx_word' id='word_1_84' title='bbox 378 2549 385 2569; x_wconf 63' lang='lat' dir='ltr'>ff</span> <span class='ocrx_word' id='word_1_85' title='bbox 430 2497 435 2508; x_wconf 36' lang='grc' dir='ltr'>ι</span> <span class='ocrx_word' id='word_1_86' title='bbox 568 2547 576 2570; x_wconf 80' lang='grc' dir='ltr'><em>Ι</em></span> <span class='ocrx_word' id='word_1_87' title='bbox 721 2543 729 2566; x_wconf 58' lang='grc' dir='ltr'>λ</span> <span class='ocrx_word' id='word_1_88' title='bbox 837 2555 853 2570; x_wconf 69' lang='grc' dir='ltr'>ω</span> <span class='ocrx_word' id='word_1_89' title='bbox 991 2550 999 2573; x_wconf 54' lang='grc' dir='ltr'>ν</span> <span class='ocrx_word' id='word_1_90' title='bbox 1103 2546 1110 2569; x_wconf 68' lang='grc' dir='ltr'>λ</span> 
     </span>
     <span class='ocr_line' id='line_1_14' title="bbox 208 2536 1153 2639; baseline 0.005 -31"><span class='ocrx_word' id='word_1_91' title='bbox 208 2570 259 2610; x_wconf 83' lang='lat'>22.</span> <span class='ocrx_word' id='word_1_92' title='bbox 283 2548 348 2611; x_wconf 84' lang='grc' dir='ltr'>Και</span> <span class='ocrx_word' id='word_1_93' title='bbox 372 2570 388 2610; x_wconf 94' lang='grc' dir='ltr'>ο</span> <span class='ocrx_word' id='word_1_94' title='bbox 412 2545 463 2636; x_wconf 77' lang='grc' dir='ltr'>μὲν</span> <span class='ocrx_word' id='word_1_95' title='bbox 492 2536 629 2611; x_wconf 86' lang='grc' dir='ltr'>κινδυνου</span> <span class='ocrx_word' id='word_1_96' title='bbox 653 2571 737 2639; x_wconf 89' lang='grc' dir='ltr'>παρα</span> <span class='ocrx_word' id='word_1_97' title='bbox 763 2571 908 2613; x_wconf 88' lang='grc' dir='ltr'>τοσουτον</span> <span class='ocrx_word' id='word_1_98' title='bbox 936 2546 1044 2633; x_wconf 78' lang='grc' dir='ltr'>έλθων,</span> <span class='ocrx_word' id='word_1_99' title='bbox 1062 2573 1153 2622; x_wconf 56' lang='lat' dir='ltr'>natae,</span> 
     </span>
    </p>
   </div>
   <div class='ocr_carea' id='block_1_5' title="bbox 152 2693 1120 3689">
    <p class='ocr_par' dir='ltr' id='par_1_5' title="bbox 152 2693 1120 3689">
     <span class='ocr_line' id='line_1_15' title="bbox 152 2693 1114 2789; baseline 0.005 -31"><span class='ocrx_word' id='word_1_100' title='bbox 152 2693 254 2777; x_wconf 88' lang='grc' dir='ltr'>σωθεὶς</span> <span class='ocrx_word' id='word_1_101' title='bbox 271 2699 304 2761; x_wconf 87' lang='grc' dir='ltr'>ἐκ</span> <span class='ocrx_word' id='word_1_102' title='bbox 320 2694 423 2779; x_wconf 87' lang='grc' dir='ltr'>κυνὸς,</span> <span class='ocrx_word' id='word_1_103' title='bbox 441 2694 545 2785; x_wconf 81' lang='grc' dir='ltr'>φασὶν,</span> <span class='ocrx_word' id='word_1_104' title='bbox 563 2698 597 2761; x_wconf 90' lang='grc' dir='ltr'>οὐ</span> <span class='ocrx_word' id='word_1_105' title='bbox 612 2696 704 2761; x_wconf 86' lang='grc' dir='ltr'>λόκου</span> <span class='ocrx_word' id='word_1_106' title='bbox 722 2695 892 2788; x_wconf 91' lang='grc' dir='ltr'>στόματος,</span> <span class='ocrx_word' id='word_1_107' title='bbox 908 2697 1062 2789; x_wconf 78' lang='grc' dir='ltr'>ἐθεράπευε</span> <span class='ocrx_word' id='word_1_108' title='bbox 1078 2698 1114 2764; x_wconf 88' lang='grc' dir='ltr'>τὸ</span> 
     </span>
     <span class='ocr_line' id='line_1_16' title="bbox 158 2810 1103 2940; baseline 0.002 -32"><span class='ocrx_word' id='word_1_109' title='bbox 158 2852 255 2933; x_wconf 89' lang='grc' dir='ltr'>σῶμα·</span> <span class='ocrx_word' id='word_1_110' title='bbox 271 2848 286 2908; x_wconf 90' lang='grc' dir='ltr'>ό</span> <span class='ocrx_word' id='word_1_111' title='bbox 302 2834 455 2935; x_wconf 79' lang='grc' dir='ltr'>δὲΔάρνις</span> <span class='ocrx_word' id='word_1_112' title='bbox 472 2843 549 2915; x_wconf 89' lang='grc' dir='ltr'>καὶή</span> <span class='ocrx_word' id='word_1_113' title='bbox 564 2843 650 2916; x_wconf 87' lang='grc' dir='ltr'>Χλόη</span> <span class='ocrx_word' id='word_1_114' title='bbox 665 2810 803 2936; x_wconf 85' lang='grc' dir='ltr'>κάματον</span> <span class='ocrx_word' id='word_1_115' title='bbox 820 2847 914 2912; x_wconf 86' lang='grc' dir='ltr'>πολὺν</span> <span class='ocrx_word' id='word_1_116' title='bbox 931 2847 1018 2937; x_wconf 81' lang='grc' dir='ltr'>ἔσχον</span> <span class='ocrx_word' id='word_1_117' title='bbox 1029 2846 1103 2940; x_wconf 84' lang='grc' dir='ltr'>μέχρ</span> 
     </span>
     <span class='ocr_line' id='line_1_17' title="bbox 156 2983 1117 3088; baseline 0.003 -31"><span class='ocrx_word' id='word_1_118' title='bbox 156 2992 262 3070; x_wconf 86' lang='grc' dir='ltr'>νυκτὸς</span> <span class='ocrx_word' id='word_1_119' title='bbox 279 2989 334 3070; x_wconf 81' lang='grc' dir='ltr'>τὰς</span> <span class='ocrx_word' id='word_1_120' title='bbox 355 2987 443 3085; x_wconf 80' lang='grc' dir='ltr'>αἶγας</span> <span class='ocrx_word' id='word_1_121' title='bbox 461 2991 512 3059; x_wconf 85' lang='grc' dir='ltr'>καὶ</span> <span class='ocrx_word' id='word_1_122' title='bbox 530 2991 586 3071; x_wconf 82' lang='grc' dir='ltr'>τὰς</span> <span class='ocrx_word' id='word_1_123' title='bbox 608 2987 651 3071; x_wconf 84' lang='grc' dir='ltr'>οἷς</span> <span class='ocrx_word' id='word_1_124' title='bbox 673 2995 876 3088; x_wconf 84' lang='grc' dir='ltr'>συλλέγοντες.</span> <span class='ocrx_word' id='word_1_125' title='bbox 896 2983 962 3063; x_wconf 84' lang='grc' dir='ltr'>Ῡπθ</span> <span class='ocrx_word' id='word_1_126' title='bbox 986 2992 1043 3087; x_wconf 80' lang='grc' dir='ltr'>γὰρ</span> <span class='ocrx_word' id='word_1_127' title='bbox 1064 3005 1117 3060; x_wconf 78' lang='grc' dir='ltr'>τοῦ</span> 
     </span>
     <span class='ocr_line' id='line_1_18' title="bbox 159 3112 1117 3233; baseline 0.006 -29"><span class='ocrx_word' id='word_1_128' title='bbox 159 3112 309 3233; x_wconf 83' lang='grc' dir='ltr'>δέρματος</span> <span class='ocrx_word' id='word_1_129' title='bbox 326 3143 523 3228; x_wconf 86' lang='grc' dir='ltr'>πτοηθεῖσαι,</span> <span class='ocrx_word' id='word_1_130' title='bbox 546 3144 597 3209; x_wconf 89' lang='grc' dir='ltr'>καὶ</span> <span class='ocrx_word' id='word_1_131' title='bbox 615 3145 673 3213; x_wconf 84' lang='grc' dir='ltr'>ὑπὸ</span> <span class='ocrx_word' id='word_1_132' title='bbox 690 3153 751 3211; x_wconf 89' lang='grc' dir='ltr'>τῶν</span> <span class='ocrx_word' id='word_1_133' title='bbox 768 3154 862 3211; x_wconf 87' lang='grc' dir='ltr'>κυνῶν</span> <span class='ocrx_word' id='word_1_134' title='bbox 880 3142 1117 3216; x_wconf 82' lang='grc' dir='ltr'>ὑλακτησάντων</span> 
     </span>
     <span class='ocr_line' id='line_1_19' title="bbox 161 3282 1118 3390; baseline 0.007 -39"><span class='ocrx_word' id='word_1_135' title='bbox 161 3288 377 3380; x_wconf 79' lang='grc' dir='ltr'>ταραχθεῖσαι,</span> <span class='ocrx_word' id='word_1_136' title='bbox 400 3290 431 3390; x_wconf 65' lang='grc' dir='ltr'>αθ</span> <span class='ocrx_word' id='word_1_137' title='bbox 450 3291 502 3383; x_wconf 83' lang='grc' dir='ltr'>μὲν</span> <span class='ocrx_word' id='word_1_138' title='bbox 525 3289 564 3369; x_wconf 85' lang='grc' dir='ltr'>εἰς</span> <span class='ocrx_word' id='word_1_139' title='bbox 583 3294 695 3383; x_wconf 84' lang='grc' dir='ltr'>πέτρας</span> <span class='ocrx_word' id='word_1_140' title='bbox 722 3283 910 3386; x_wconf 84' lang='grc' dir='ltr'>ἀνέδραμον,</span> <span class='ocrx_word' id='word_1_141' title='bbox 930 3293 960 3357; x_wconf 88' lang='grc' dir='ltr'>αἱ</span> <span class='ocrx_word' id='word_1_142' title='bbox 981 3282 1016 3358; x_wconf 76' lang='grc' dir='ltr'>δὲ</span> <span class='ocrx_word' id='word_1_143' title='bbox 1032 3294 1118 3387; x_wconf 82' lang='grc' dir='ltr'>μέχρι</span> 
     </span>
     <span class='ocr_line' id='line_1_20' title="bbox 160 3434 1120 3537; baseline 0.005 -33"><span class='ocrx_word' id='word_1_144' title='bbox 160 3447 215 3516; x_wconf 79' lang='grc' dir='ltr'>τῆς</span> <span class='ocrx_word' id='word_1_145' title='bbox 230 3438 384 3517; x_wconf 83' lang='grc' dir='ltr'>θαλάττης</span> <span class='ocrx_word' id='word_1_146' title='bbox 396 3445 488 3520; x_wconf 70' lang='grc' dir='ltr'>αὐτῆς</span> <span class='ocrx_word' id='word_1_147' title='bbox 502 3434 707 3536; x_wconf 87' lang='grc' dir='ltr'>κατέδραμον.</span> <span class='ocrx_word' id='word_1_148' title='bbox 725 3442 788 3510; x_wconf 83' lang='grc' dir='ltr'>Καί</span> <span class='ocrx_word' id='word_1_149' title='bbox 799 3442 891 3537; x_wconf 85' lang='grc' dir='ltr'>τοίγε</span> <span class='ocrx_word' id='word_1_150' title='bbox 904 3435 1120 3511; x_wconf 81' lang='grc' dir='ltr'>ἐπεπαίδευντο</span> 
     </span>
     <span class='ocr_line' id='line_1_21' title="bbox 161 3575 1120 3689; baseline 0.006 -38"><span class='ocrx_word' id='word_1_151' title='bbox 161 3584 211 3651; x_wconf 88' lang='grc' dir='ltr'>καὶ</span> <span class='ocrx_word' id='word_1_152' title='bbox 229 3596 311 3680; x_wconf 78' lang='grc' dir='ltr'>φωνῇ</span> <span class='ocrx_word' id='word_1_153' title='bbox 334 3575 501 3675; x_wconf 84' lang='grc' dir='ltr'>πείθεσθαι,</span> <span class='ocrx_word' id='word_1_154' title='bbox 533 3583 584 3655; x_wconf 73' lang='grc' dir='ltr'>καὶ</span> <span class='ocrx_word' id='word_1_155' title='bbox 614 3591 728 3689; x_wconf 82' lang='grc' dir='ltr'>σύριγγι</span> <span class='ocrx_word' id='word_1_156' title='bbox 753 3591 922 3686; x_wconf 82' lang='grc' dir='ltr'>θέλγεσθαι,</span> <span class='ocrx_word' id='word_1_157' title='bbox 950 3593 1001 3661; x_wconf 84' lang='grc' dir='ltr'>καὶ</span> <span class='ocrx_word' id='word_1_158' title='bbox 1023 3593 1120 3684; x_wconf 86' lang='grc' dir='ltr'>χειρὸς</span> 
     </span>
    </p>
   </div>
   <div class='ocr_carea' id='block_1_6' title="bbox 200 3905 801 3977">
    <p class='ocr_par' dir='ltr' id='par_1_6' title="bbox 200 3905 801 3977">
     <span class='ocr_line' id='line_1_22' title="bbox 200 3905 801 3977; baseline 0.007 -21"><span class='ocrx_word' id='word_1_159' title='bbox 200 3907 238 3973; x_wconf 88' lang='grc' dir='ltr'>(ι)</span> <span class='ocrx_word' id='word_1_160' title='bbox 258 3913 289 3958; x_wconf 82' lang='lat' dir='ltr'>K.</span> <span class='ocrx_word' id='word_1_161' title='bbox 301 3927 327 3975; x_wconf 93' lang='grc' dir='ltr'>μ.</span> <span class='ocrx_word' id='word_1_162' title='bbox 343 3905 376 3963; x_wconf 78' lang='grc' dir='ltr'>δή</span> <span class='ocrx_word' id='word_1_163' title='bbox 385 3908 461 3969; x_wconf 79' lang='grc' dir='ltr'>κύνας,</span> <span class='ocrx_word' id='word_1_164' title='bbox 474 3913 502 3958; x_wconf 75' lang='grc' dir='ltr'>Α.</span> <span class='ocrx_word' id='word_1_165' title='bbox 516 3914 542 3968; x_wconf 88' lang='grc' dir='ltr'>Β,</span> <span class='ocrx_word' id='word_1_166' title='bbox 558 3911 609 3967; x_wconf 78' lang='grc' dir='ltr'>τοὺς</span> <span class='ocrx_word' id='word_1_167' title='bbox 625 3908 666 3977; x_wconf 76' lang='grc' dir='ltr'>μὶν</span> <span class='ocrx_word' id='word_1_168' title='bbox 679 3910 747 3968; x_wconf 81' lang='grc' dir='ltr'>κύνας</span> <span class='ocrx_word' id='word_1_169' title='bbox 760 3907 801 3964; x_wconf 83' lang='grc' dir='ltr'>δή.</span> 
     </span>
    </p>
   </div>
   <div class='ocr_carea' id='block_1_7' title="bbox 0 0 1400 4874">
    <p class='ocr_par' dir='ltr' id='par_1_7' title="bbox 0 0 1400 4874">
     <span class='ocr_line' id='line_1_23' title="bbox 0 0 1400 4874; baseline 0 0"><span class='ocrx_word' id='word_1_170' title='bbox 0 0 1400 4874; x_wconf 95' lang='lat' dir='ltr'> </span> 
     </span>
    </p>
   </div>
  </div>
 </body>
</html>
