2768 4874
241 699 288 783 64
444 705 628 771 ΛΟΓΓΟΥ
661 703 983 771 ΠΟΙΜΕΝΙΚΩΝ

241 872 291 939 καὶ
308 871 468 965 Μυρτάλη,
491 870 520 947 οἳΙ
534 871 583 937 καὶ
602 871 686 938 αὐτοὶ
701 880 814 938 κεῖνται
832 868 941 962 χαμαὶ,
959 864 1129 963 νομίζοντες
1148 872 1199 938 καὶ

242 1022 275 1088 σὲ
294 1023 380 1114 μέρος
393 993 543 1115 γεγονέναι
558 1030 613 1098 τῆς
630 1023 781 1113 ἁρπαγῆς·
796 1019 880 1092 Χλόη
894 1019 951 1114 γάρ
970 1045 1014 1086 σοι
1031 1030 1085 1099 τῆς
1102 1023 1200 1087 ἐπιού-

242 1196 295 1248 σης
314 1163 451 1262 ἀφίξεται
472 1168 624 1262 μετὰτῶν
642 1168 750 1262 αἰγῶν,
779 1166 854 1260 μετὰ
876 1178 937 1234 τῶν
955 1165 1132 1260 προύάτων·
1150 1168 1202 1236 καὶ

243 1321 385 1411 νεμῆσετε
404 1328 501 1409 κοινῇ,
520 1318 570 1384 καὶ
591 1317 722 1411 συρίσετε
745 1328 827 1409 κοινῆ
841 1321 857 1359 ·’
870 1315 909 1384 τὰ
929 1309 963 1382 δὲ
982 1314 1062 1384 ἄλλα
1082 1289 1202 1409 μελὴσει
1252 1367 1261 1380 .

243 1426 311 1560 περὶ
324 1449 535 1560 ὑμῶνύύροιτι.
552 1495 563 1518 υ
632 1502 634 1504 ’
661 1447 666 1472 ⁵

188 1638 206 1665 ’-
282 1623 349 1696 ,οὴ.
379 1622 515 1713 Τοιαῦτα
538 1607 610 1680 ἰδὼν
628 1615 679 1682 καὶ
704 1616 833 1692 ἀκούσας
853 1616 980 1707 Δάφνις,
1006 1608 1205 1694 ἀναπηδήσας

181 1784 185 1790 ·
244 1772 305 1830 τῶν
333 1762 453 1849 ύπνων,
474 1765 525 1831 καὶ
548 1769 595 1855 ὑφ’
623 1755 733 1841 ἡδονῆς
752 1751 789 1847 (¹)
818 1764 868 1830 καὶ
889 1767 988 1844 λύπης
1012 1765 1122 1857 μεστὸς
1148 1757 1204 1832 δα·
1232 1771 1235 1780 ’

243 1915 354 2007 κρύων,
368 1911 407 1980 τὰ
431 1913 595 2005 ἀγάλματα
612 1923 672 1981 τῶν
688 1916 823 2004 Νυμφῶν
840 1917 1023 2007 προσεκύνει,
1043 1914 1093 1981 καὶ
1108 1918 1205 2008 ἐπηγ·
1278 1929 1297 1942 “

207 2141 211 2152 ¹
244 1992 548 2153 γῶιλετοδθωθείσης
561 2060 681 2146 Χλόης,
698 2062 793 2128 θύσειν
809 2071 869 2127 τῶν
887 2061 979 2155 αἰγῶν
996 2067 1051 2137 τὴν
1067 2057 1204 2155 ἀρίστην.

208 2182 222 2244 ἰ
247 2212 376 2302 Δραμὼν
396 2201 440 2275 δὲ’
452 2208 503 2275 καὶ
522 2208 570 2276 ἐπὶ
588 2210 644 2282 τὴν
661 2208 764 2295 πίτυν,
783 2210 853 2275 ἔνθα
871 2210 907 2276 τὸ
929 2221 981 2277 τοῦ
1000 2212 1100 2289 Πανὸς
1116 2209 1209 2306 άγαλ-

246 2385 290 2449 μοι
304 2352 427 2453 ἵδρυτο,
452 2359 664 2453 τραγοσκελές,
690 2357 888 2450 κερασφόρον,
915 2367 955 2458 τῆ
977 2360 1030 2450 μὲν
1043 2363 1203 2459 σύριγγα,

206 2517 285 2598 ,(’,τῆ
303 2498 337 2572 δέ
352 2506 461 2599 τράγον
482 2498 631 2578 πηδῶντα
648 2509 788 2598 κατέχον,
805 2508 937 2573 κάκεῖνον
956 2512 1137 2600 προσεκύνει,
1155 2511 1206 2576 καὶ

246 2657 356 2746 ηύχετο
374 2655 447 2747 ὑπὲρ
467 2664 521 2734 τῆς
536 2654 659 2738 Χλόης,
682 2653 732 2720 καὶ
748 2654 858 2747 τράγον
878 2656 972 2721 θύσειν
992 2660 1203 2751 ἐπηγγελλετο.

246 2805 308 2870 Καὶ
332 2803 417 2895 μόλις
444 2803 524 2870 ποτὲ·
540 2803 608 2898 περὶ
629 2802 713 2904 ἡλίου
734 2803 906 2896 καταφοράς
931 2806 1129 2897 παυσάμενος
1149 2799 1205 2873 δα·

247 2956 341 3047 κρύων
367 2951 417 3019 καὶ
439 2955 550 3059 εὐχῶν,
572 2951 718 3045 ἀράμενος
745 2950 800 3030 τὰς
824 2944 999 3044 φυλλάδος,
1025 2951 1059 3032 ἃς
1079 2953 1207 3043 ἔκοψεν,

247 3104 407 3177 ἐπανῆλθεν
428 3102 467 3180 εἰς
487 3100 548 3175 τὴν
567 3103 705 3186 ἔπαυλιν,
725 3099 871 3182 καὶτοὺς
890 3102 967 3194 ἀμφὶ
991 3105 1044 3170 τὸν
1072 3104 1209 3197 Δάμωνα

249 3253 371 3328 πένθους
400 3245 597 3336 ἀπαλλάξας,
627 3254 804 3344 εὐφροσύνης
832 3257 1010 3344 ἐμπλὴσας,
1038 3264 1151 3346 τροφῆς
1175 3280 1210 3320 τι

248 3405 409 3496 ἐγεύσατο,
426 3403 477 3469 καὶ
501 3409 529 3482 ἐς
555 3408 646 3472 ὕπνον
671 3410 824 3498 ὥρμησεν,
844 3397 913 3471 ούδέ
933 3416 1038 3472 τοῦτον
1064 3398 1209 3500 ἄδακρυν·

249 3546 316 3619 ἀλλ’
344 3552 500 3643 εὐχόμενος
523 3554 576 3644 μὲν
602 3551 683 3632 αὖθις
700 3551 754 3631 τὰς
768 3556 907 3647 ,Νύμφας
934 3555 1003 3647 όναρ
1023 3546 1107 3640 ἰδεῖν,
1128 3555 1211 3648 εὐχό-
1280 3539 1283 3545 ⁸

215 3911 216 3915 Ἰ
286 3848 322 3907 (ι)
341 3834 383 3911 ἐφ’
397 3839 491 3901 ἡδονῆς.
502 3849 530 3901 λ,
544 3842 584 3892 καὶ
594 3849 660 3894 κινῶν
673 3845 757 3912 μεστὸς
771 3843 855 3904 ἡδονῆς
868 3845 909 3897 καὶ
921 3847 993 3905 λύπης
1002 3843 1119 3915 δακρύων.
1131 3854 1157 3909 Β,
1169 3847 1210 3898 καὶ

249 3941 313 4002 κοινῇ
326 3937 364 4002 ὑφ’
378 3930 461 3991 ἡδονῆς
475 3931 516 3983 καί
529 3933 601 3990 λύπης
617 3928 735 4001 δακρύων.
