2768 4874
566 691 828 761 PRAEFATIO.
1100 715 1164 759 aru

212 831 367 899 Chardon
386 830 415 898 la
438 831 616 917 Roehette,
640 829 811 924 Melanges
837 830 878 898 de
900 831 1040 923 critique
1066 845 1099 899 et
1124 831 1165 899 de

209 949 410 1044 philologis,
432 964 453 1017 t.
475 953 508 1035 1,
532 975 564 1045 p.
591 947 668 1018 1-61
695 976 702 1016 :
725 949 843 1019 Notice
864 973 922 1016 sur
942 947 972 1016 la
991 949 1044 1016 vie
1067 964 1100 1016 et
1119 948 1164 1018 les

208 1069 405 1162 principaux
423 1092 586 1162 ouvrages
601 1068 644 1137 de
661 1069 804 1136 J.·B.·G.
829 1067 966 1137 d’Ansse
984 1067 1026 1135 de
1044 1066 1165 1136 Villoi-

206 1209 285 1272 son,
314 1201 348 1254 et
368 1188 560 1279 praesertim
587 1212 619 1280 p.
649 1187 778 1270 23-28,
807 1210 980 1256 censuram
1009 1185 1163 1254 editionis

204 1306 313 1398 Longi
350 1305 513 1391 eiusdem,
551 1319 585 1374 et
618 1306 676 1374 cfr.
707 1309 744 1373 C.
778 1308 814 1373 Β.
843 1307 935 1374 Hasii
965 1302 1097 1399 Prolog.
1128 1305 1162 1371 in

203 1425 230 1489 I.
246 1422 377 1515 Lydum
390 1424 435 1491 de
449 1425 618 1519 Magistrr.
634 1427 765 1493 Romm.
775 1448 860 1517 pag.
874 1424 1161 1507 va—LXV113

203 1541 402 1609 Boissonade
425 1543 459 1609 in
478 1541 633 1651 Bibliogr
656 1545 811 1628 univers,
833 1557 856 1609 t.
876 1544 987 1624 XXV,
1009 1566 1084 1634 pag.
1104 1566 1159 1610 aa.

203 1663 293 1753 Ego,
324 1675 361 1727 ut
396 1659 556 1729 confitear
589 1663 674 1728 iusto
698 1662 827 1753 saepius
862 1660 1020 1728 iudicium
1048 1657 1152 1729 Villoi

202 1802 283 1845 sono
305 1779 466 1867 defuisse,
484 1795 594 1848 tamen
612 1779 755 1848 eruditio
772 1794 875 1864 tanta,
894 1779 1160 1872 acerrimumque

203 1895 268 1963 tale
290 1897 437 1965 studium
464 1901 565 1966 totius
591 1899 802 1981 Graecitatis,
820 1895 948 1967 Galliae
974 1912 1010 1965 ut
1028 1899 1159 1990 saepius

204 2015 420 2084 exhibeantur
445 2015 540 2084 valde
561 2032 641 2109 opto
660 2015 870 2108 multumque
890 2015 1092 2110 gratulabor.
1112 2057 1160 2067 -—

202 2131 344 2216 Quoties
372 2148 539 2202 caeterum
564 2137 651 2201 inter
674 2160 708 2201 se
733 2136 941 2201 consentiant
962 2134 1158 2218 Brunckius,

204 2250 494 2340 Wyttenbachius,
511 2256 670 2344 Corayus,
694 2236 889 2318 Scbaeferus
905 2265 938 2317 et
956 2252 1159 2335 Courierius,

205 2391 272 2434 non
292 2368 364 2434 sine
382 2366 554 2460 voluptate
569 2368 718 2469 egiditus
737 2368 978 2436 animadvertet
996 2367 1108 2436 lector.

225 2526 233 2537 -·
252 2486 286 2552 si
312 2487 586 2555 annotationibus
610 2484 701 2554 hisce
725 2486 872 2579 undique
899 2486 968 2554 fere
995 2488 1159 2580 congestis

204 2602 257 2671 hic
293 2602 359 2673 illic
395 2605 437 2673 de
468 2630 541 2673 meo
582 2604 708 2697 aliquid
744 2606 884 2692 insoeui,
919 2605 1158 2698 opinionesque

204 2721 394 2810 diiudicari,
411 2723 483 2810 feci,
500 2726 631 2817 opinor,
644 2723 735 2815 quod
747 2722 852 2791 lacere
866 2723 977 2792 debui.
992 2724 1070 2792 Non
1084 2747 1157 2790 sum

204 2853 313 2909 tamen
332 2842 358 2909 is
376 2842 434 2934 qui
452 2865 520 2908 non
539 2841 669 2909 videam
688 2864 788 2932 quarn
802 2841 869 2908 sint
882 2865 921 2908 ea
941 2842 1062 2908 tenuia.
1081 2836 1159 2907 Plu-

204 2983 254 3026 res
286 2958 428 3027 fuissent
455 2981 534 3029 sane
564 2961 645 3029 istae
673 2983 766 3026 meae
794 2959 1042 3042 annotationes,
1068 2958 1101 3057 si·
1116 2956 1158 3023 ad

203 3078 356 3171 Longum
366 3076 533 3146 edendum
551 3103 618 3146 non
633 3103 747 3146 recens
760 3061 976 3161 accessissem,
996 3076 1072 3142 etsi
1089 3100 1158 3143 om-

204 3196 285 3263 nino
303 3198 390 3266 vitae
411 3222 504 3265 meae
527 3212 631 3265 sortes
652 3197 812 3266 hactenus
828 3220 896 3264 non
919 3192 1072 3263 tulissent
1091 3195 1158 3280 ita,

204 3324 242 3379 ut
264 3315 457 3383 muneribus
479 3313 682 3383 scholasticis
698 3315 828 3382 intento
847 3312 931 3380 mihi
953 3326 1087 3405 tempus
1100 3311 1158 3380 ad-

203 3432 357 3499 versariis
371 3431 591 3526 locupletibus
611 3431 805 3527 colligendis
824 3433 935 3524 minus
954 3447 1156 3526 suppeteret.

252 3549 317 3617 Sed
337 3550 420 3642 quid
439 3565 494 3637 tu,
511 3550 607 3619 multi
626 3566 804 3645 quaerent,
816 3553 949 3620 Parisiis
968 3551 1106 3644 degens,
1117 3549 1159 3618 ad

204 3664 428 3736 Bibliothecae
457 3670 565 3763 regiae
594 3669 765 3748 thesauros
792 3669 969 3755 accedens,
988 3668 1105 3762 quidni
1125 3668 1159 3734 in

205 3785 333 3855 codices
364 3788 563 3881 inquisivisti
588 3789 857 3883 manuscriptos?
886 3789 984 3874 Feci,
1012 3786 1068 3854 sed
1097 3809 1159 3878 pro

205 3904 534 3975 thesauro’carbones
555 3908 678 4005 inveni,
691 3908 838 3979 ,Codices
857 3907 940 4000 regii
956 3921 1040 3990 tres,
1066 3900 1158 3998 2895
