2768 4874
341 696 497 762 ΛΟΓΟΣ
528 659 786 762 ΔΕΥΤΕΡΟΣ.
1016 687 1064 782 69

107 860 189 930 κατὰ
204 869 257 942 τῆς
279 861 455 959 ἀποόάθρας
474 836 644 959 ίξέτρεχεν,
664 869 719 931 οὐκ
743 856 983 940 ε’ξολισδαίνοντα
1002 868 1065 939 τοῖς

107 995 209 1084 κέρασι
228 999 289 1059 τῶν
312 999 431 1084 χηλῶν,
453 993 504 1060 καὶ
530 994 560 1059 αἱ
586 991 668 1086 αἶγες
692 993 770 1060 πολό
801 991 989 1084 θρασύτερον,
1019 986 1067 1055 οία

108 1141 158 1209 καὶ
175 1139 393 1236 κρημνοόατεῖν
412 1144 582 1236 εἰθισμέναι.

165 1315 216 1379 29.
245 1291 309 1359 Καὶ
332 1301 432 1358 ταῦτα
456 1294 510 1385 μὲν
536 1289 729 1386 περιίσταται
757 1292 858 1376 κόκλῳ
885 1290 940 1361 τὴν
965 1290 1068 1359 Χλόην

111 1438 211 1534 ῶσπερ
238 1444 344 1535 χορὸς,
374 1451 560 1536 σκιρτῶντα,
591 1444 641 1510 καὶ
674 1419 871 1534 βληχώμενα,
900 1439 951 1507 καὶ
970 1412 1073 1531 νόμοια

112 1588 282 1684 χαίρουσιν·
303 1591 334 1657 αἱ
351 1580 385 1658 δὲ
402 1601 462 1657 τῶν
479 1587 579 1658 ἀλλων
603 1591 736 1658 αἰπόλων
755 1585 853 1683 αἶγες,
872 1585 979 1656 καὶτὰ
998 1587 1072 1678 πρό·

114 1734 209 1823 όατα,
228 1736 339 1806 καὶτὰ
358 1739 505 1824 βουκόλια
524 1737 607 1807 κατὰ
622 1742 724 1834 χώραν
739 1741 838 1831 ἔμενεν
857 1742 887 1807 έν
904 1736 992 1829 κοιλη
1011 1731 1074 1818 νηῒ,

113 1891 246 1983 καθάπερ
276 1889 356 1959 αὐτὰ
384 1902 440 1959 τοῦ
468 1894 574 1983 μέλους
598 1897 639 1985 μὴ
667 1879 847 1969 καλοῦντος’
857 1879 905 1976 (¹).
934 1891 1075 1980 Θαόματι

114 2041 242 2137 πάντων
264 2042 412 2133 ἐχομένων
443 2029 503 2132 (²),
533 2040 586 2108 καὶ
610 2042 667 2109 τὸν.
693 2043 783 2105 Πάνα
812 2038 1075 2130 ἀνευρημοόντων,

116 2189 197 2281 ὤφθη
215 2191 328 2256 τούτων
346 2195 375 2258 έν
393 2194 455 2266 τοῖς
467 2187 623 2281 στοιχείοις
639 2189 817 2281 ἀμφοτέροις
836 2151 1075 2278 θαυμασιώτερα,

116 2312 186 2406 Τῶν
214 2339 266 2430 μὲν
296 2337 517 2430 Μηθυμναίων,
541 2330 610 2430 πρὶν
641 2335 814 2404 ἀνασπάσαι
842 2334 898 2412 τὰς
926 2335 1077 2429 ἀγκύρας,

118 2489 219 2556 ἔπλεον
240 2490 271 2554 αἱ
287 2499 368 2575 νῆες,
387 2488 439 2556 καὶ
456 2499 511 2566 τῆς
529 2481 710 2582 ναυαρχίδος
726 2495 831 2582 ἡγεῖτο
850 2479 953 2578 δελφὶν
972 2477 1077 2559 πηδῶν

118 2630 150 2714 ἐξ
175 2639 264 2716 ἀλός·
292 2651 352 2707 τῶν
382 2633 417 2708 δὲ
440 2640 533 2735 αἰγῶν
558 2640 610 2708 καὶ
636 2649 696 2707 τῶν
714 2636 879 2743 προόάτων
899 2644 1005 2732 ἡγεῖτο
1027 2639 1079 2701 σό-

120 2813 222 2882 ριγγος
240 2787 314 2881 ἦχος
332 2782 474 2876 ἥδιστος,
490 2788 542 2858 καὶ
559 2792 612 2858 τὸν
632 2790 817 2883 συρίττοντα
834 2785 956 2856 ἕόλεπεν
974 2777 1079 2860 οὐδείς·
1094 2810 1119 2848 se

119 2939 197 3003 ὥστε
213 2934 253 3003 τδι
268 2937 393 3029 ποίμνια
411 2937 462 3006 καὶ
480 2939 512 3004 αἱ
527 2933 608 3032 αἶγες
626 2940 775 3030 προῄεσαν
791 2935 856 3028 ἀμα
871 2935 923 3002 καὶ
940 2937 1080 3025 ἐνέμοντο

120 3088 302 3179 τερπόμεναι
317 3097 361 3174 τῷ
379 3091 471 3181 μέλει.

147 3273 150 3278 ,
176 3233 229 3300 30.
258 3236 401 3328 Δευτέρας
429 3264 487 3304 που
511 3247 604 3330 νομῆς
631 3237 732 3329 καιρὸς
765 3233 819 3318 ἦν,
849 3233 939 3300 καὶὸ
970 3232 1082 3323 Δάρνις

122 3382 184 3449 ἀπὸ
213 3393 327 3463 σκοπῆς
351 3410 429 3464 τινος
453 3389 600 3479 μετεώρου
625 3384 805 3478 θεασόμενος
823 3381 879 3462 τὰς
901 3384 1014 3476 ἀγέλας
1032 3382 1083 3449 καὶ

122 3535 177 3606 τὴν
197 3531 321 3618 Χλόην,
340 3535 419 3626 μέγα
438 3536 568 3620 βοήσας,
589 3532 639 3600 «ὦ
658 3535 784 3627 Νόμραι
801 3534 852 3601 καὶ
867 3533 952 3601 Πάν·
968 3562 980 3586 ν
999 3535 1084 3611 κατέ-

137 3858 141 3865 ’
161 3841 198 3904 (1)
217 3839 258 3894 Μὴ
272 3845 412 3899 καλοῦντος,
428 3845 474 3889 ΑΒ.

163 3935 198 3996 (ε)
218 3925 351 4001 Ιδχομίνων,
366 3920 411 3982 Anss
