2768 4874
232 533 302 641 58⁵
447 579 630 642 A0rr01·
663 579 983 646 Ποιιιιιινιιιοιν

229 737 414 822 κατεδίωξαν
432 743 526 822 αὐτὰς
547 751 579 812 ἐκ
600 755 658 810 τῶν
680 750 756 836 ὀρῶν
779 744 829 810 καὶ
852 755 911 811 τῶν
934 737 1046 811 πεδίων
1065 745 1113 812 ἐπὶ
1137 749 1190 819 τὴν

228 894 379 962 θάλασσαν
408 899 506 986 ὥσπερ
531 901 625 963 λύκοι.
649 885 740 961 Ᾱλλδι
765 895 918 987 ἀπέφαγον
947 898 1001 967 την
1022 895 1132 986 λύγον·
1160 899 1191 959 οὐ

190 1039 286 1136 ιεγάφ
306 1038 383 1134 εἶχον
403 1047 432 1110 ἐν
457 1039 574 1135 ψάμμῳ
599 1042 694 1128 πόαν,
715 1041 733 1116 ἢ
758 1044 906 1136 κίμαφον,
932 1043 1078 1134 θ’θάμον.
1102 1031 1191 1108 Δλλὰ

229 1192 369 1260 ἀπώλετο
392 1198 409 1266 η’
435 1203 504 1271 ναῦς
527 1193 586 1259 ὑπὸ
609 1202 662 1259 τοῦ
680 1194 847 1283 πνεύματος
869 1191 919 1258 καὶ
938 1203 1011 1270 ’τῆς
1024 1190 1188 1269 θαλάττης.

228 1345 334 1409 Ταῦτα
356 1349 516 1432 χειμῶνος,
546 1345 597 1407 οὐκ
625 1340 737 1434 αἰγῶν,
767 1343 848 1406 ἔστιν
875 1344 959 1434 ἔργα.
987 1331 1076 1407 Ᾰλλὰ
1105 1341 1191 1418 ἐσθὴς

229 1493 354 1557 ἐνέκειτο
376 1491 426 1556 καὶ
445 1487 582 1584 ἀφγυφος.
610 1490 672 1556 Καὶ
695 1490 741 1567 τίς
764 1494 914 1557 πιστεύσει
937 1501 1002 1558 νοῦν
1027 1493 1119 1582 ἔχων,
1144 1493 1192 1555 ὅτι

229 1649 362 1704 τοσαῦτα
379 1607 508 1729 φέρουσα
526 1649 615 1722 ναῦς,
636 1645 751 1729 πεῖσμα
769 1618 830 1729 εἶχε
845 1642 935 1732 λύγον
948 1667 956 1723 ;
969 1668 981 1691 ν

286 1812 336 1874 17.
361 1790 489 1866 ,Τούτοις
519 1780 718 1880 ἐπεδάκρυσεν
748 1793 764 1854 ὁ
791 1790 921 1879 Δάφνις,
953 1788 1003 1855 καὶ
1029 1789 1068 1868 εἰς
1094 1786 1191 1856 οἶκτον

230 1935 404 2030 ὑπηγάγετο
433 1939 502 2015 τοὺς
532 1918 686 2032 ἀγροίιιους
716 1939 829 2006 πολύν·
859 1944 938 2006 ὥστε
961 1915 978 2006 θ
1001 1944 1150 2023 Φιλητᾶς,
1178 1945 1207 2028 ὁγ

230 2077 398 2172 δικαστὴς,
429 2090 526 2178 ὤμνυε
555 2089 646 2153 Πᾶνα
682 2088 732 2154 καὶ
766 2089 918 2180 Νύμφας,
949 2080 1043 2180 μηδὲν
1081 2080 1195 2153 ἀδικεῖν
1267 2146 1272 2157 .

231 2236 359 2328 Δάφνιν,
379 2236 460 2305 ἀλλά
478 2230 556 2329 μηδὲ
573 2235 629 2315 τὰς
648 2233 752 2331 αἶγας·
769 2242 823 2312 τὴν
844 2230 881 2304 δὲ’
895 2237 1051 2304 θάλατταν
1068 2237 1118 2303 καὶ
1142 2238 1194 2303 τὸν

231 2383 354 2476 άνιμον,
378 2384 417 2451 ὧν
445 2352 556 2463 ἀλλους
583 2382 656 2451 εἶναι
686 2378 845 2464 δικαστάς.
878 2387 946 2451 Οὐκ
974 2387 1070 2452 ἔπειθε
1097 2397 1197 2452 ταῦτα

230 2535 365 2609 Φιλητᾶς
387 2532 601 2623 Μηθυμναίους
623 2519 665 2624 (¹)
687 2535 799 2626 λέγων·
820 2532 886 2597 ἀλλ’
911 2537 961 2596 ὑπ’
984 2537 1086 2625 ὀφγῦς.
1102 2537 1196 2625 ὁρμη-

230 2705 359 2764 σαντες,
376 2677 449 2771 ἦγον
461 2640 521 2744 ’τὸν
538 2677 648 2769 Δάφνιν
667 2678 776 2761 πάλιν,
796 2679 847 2744 καὶ
863 2670 979 2743 συνδεῖν
999 2678 1115 2751 -ἥθιλον,
1140 2669 1197 2746 Ευ-

231 2831 371 2899 ταῦθαοὶ
394 2838 532 2920 κωμῆται
551 2826 764 2919 ταραχθέντες,
792 2818 983 2900 ἐπιπηδῶσιν

231 2976 340 3072 ψᾶρες,
362 2978 380 3053 ἢ
399 2977 520 3046 κολοιοί·
546 2977 597 3045 καὶ
618 2979 697 3070 ταχὺ
721 2978 774 3068 μὲν
796 2977 990 3070 ἀφαιροῦνται
1011 2978 1063 3044 τὸν
1082 2977 1196 3067 Δάφνιν

230 3119 290 3200 ἤδη
306 3129 359 3195 καὶ
373 3130 463 3196 αὐτὸν
481 3129 665 3221 μαχόμενον·
683 3130 762 3220 ταχὺ
780 3120 814 3194 δὲ
833 3121 930 3223 ξύλοις
950 3128 1107 3211 παίοντες,
1123 3128 1197 3192 ἀνιεί-

231 3303 298 3354 νους
320 3276 358 3354 εἰς
376 3283 470 3371 φυγὴν
490 3276 632 3372 ἔτρεψαν·
656 3249 828 3351 ἀπέστησαν
848 3269 883 3344 δὲ
904 3282 936 3345 οὐ
955 3278 1115 3371 πρότερον,
1132 3279 1197 3344 ἔστε

192 3465 219 3503 73
233 3434 293 3492 τῶν
310 3430 384 3518 ὅρων
405 3413 447 3517 (²)
467 3429 571 3506 αὐτοὺς
587 3422 733 3506 ἐξηλασαν
750 3431 777 3506 ἐς
797 3424 907 3506 ἀλλους
925 3429 1042 3521 ἀγφοιίς.

270 3753 306 3813 (1)
325 3747 486 3817 Μηθυμναίους
501 3749 523 3797 *.
538 3716 764 3817 λῦ,λ1ηθυμναίοις.

271 3846 307 3906 (ν)
328 3832 461 3910 ὅφοιν,λΒ.
