2768 4874
416 725 586 788 Λοιοι»
609 692 901 788 ΔΕΥΤΕΡΟΣ·
1083 717 1130 816 63

172 901 249 986 τρεῖς
268 892 447 983 ἐφίστανται
473 879 614 984 Νόμραι,
640 889 768 984 μεγαλαι
789 897 924 984 γυναῖκες
953 891 1003 957 nai
1024 892 1132 976 καλαὶ,

171 1042 333 1136 ἡμίγυμνοι
359 1042 410 1106 καὶ
438 1032 644 1122 ἀνυπόδητοι,
676 1039 730 1118 τὰς
761 1041 857 1132 κόμας
882 1041 1055 1132 λελυμέναι,
1084 1039 1134 1106 καὶ

171 1199 232 1269 τοῖς
261 1191 434 1284 οἱμαλμασιν
467 1192 577 1280 ὅμοιαι.
593 1240 598 1263 ,
611 1187 674 1256 Καὶ
705 1189 741 1254 τὸ
770 1190 823 1280 μὲν
856 1193 1134 1281 πρῶτονέῴιιεσαν
1149 1212 1176 1252 τι

173 1346 309 1408 ελεοῢσαι
340 1339 390 1405 τόν
420 1332 548 1430 Δάφνιν·
583 1339 689 1402 ἔπειτα
719 1344 737 1410 ἠ
767 1333 963 1431 πρεσόυτάτη
987 1327 1028 1430 (¹)
1057 1342 1138 1431 λέγει

229 1493 255 1514 Ἰ

174 1463 428 1580 ἐπιρρωννόοοσα·
451 1477 576 1558 «Μηδὲν
595 1490 674 1576 ημᾶς
691 1487 820 1578 μέμρου,
838 1483 945 1576 Δάρνι·
964 1486 1067 1565 Χλόης
1081 1485 1138 1580 γὰρ

174 1634 245 1728 ἡμῖν
269 1639 384 1728 μᾶλλον
404 1635 421 1709 ἢ
444 1633 493 1701 σοὶ
522 1637 613 1727 μέλει.
645 1618 740 1725 Ἡμεῖς
759 1659 806 1701 τοι
829 1597 880 1700 καὶ
903 1627 1023 1702 παιδίον
1049 1633 1138 1701 οὖσαν

178 1791 271 1862 αὐτὴν
289 1790 470 1877 ἠλπίσαμεν,
491 1785 541 1852 καὶ
561 1790 589 1852 ἐν
609 1777 689 1872 τῷδε
708 1796 752 1872 τῷ
771 1782 872 1879 άντρῳ
892 1788 1026 1878 κειμένην
1047 1790 1140 1861 αὐτὴν

155 1932 386 2029 ’ἀνεθρέψαμεν
411 1921 520 2026 Ειιείνη
543 1925 658 2010 πεδίοις
683 1921 726 2024 (²)
759 1935 853 2001 κοινὸν
880 1926 968 2000 οὐδὲν
998 1934 1049 1999 καὶ
1078 1943 1141 2012 τοῖς

177 2079 353 2175 προόατίοις
376 2094 430 2150 τοῦ
449 2082 607 2173 Δάμωνος.
634 2082 696 2148 Καὶ
717 2093 766 2147 νῦν
783 2074 820 2148 δὲ
836 2088 906 2174 ἡμῖν
926 2082 1142 2175 περρόντισται

179 2235 216 2298 τὸ
244 2236 310 2298 κατ’
329 2230 449 2303 ἐκείνην·
472 2237 511 2307 ὡς
535 2232 614 2321 μητε
643 2229 681 2307 εἰς
706 2233 761 2302 τὴν
780 2231 948 2320 Μήθυμναν
972 2230 1144 2321 κομισθεῖσα

179 2371 329 2464 δουλεύοι,
349 2382 426 2470 μήτε
452 2380 539 2470 μέρος
565 2364 680 2472 γένοιτο
702 2377 785 2456 λείας
803 2385 979 2470 πολεμικῆς.
1003 2379 1067 2447 Καὶ
1090 2380 1142 2446 τὸν

184 2532 274 2595 Πᾶνα
292 2534 415 2613 ἐκεῖνον,
432 2530 484 2595 τὸν
500 2528 559 2595 ὑπὸ
576 2514 619 2621 τῇΙ
634 2528 717 2595 πίτυϊ
731 2520 897 2621 ἱδρυμένον,
912 2527 944 2595 ὃν
958 2535 1042 2621 ὑμεῖς
1060 2521 1146 2596 οὐδέ-

181 2705 254 2746 ποτε
270 2670 341 2745 οὐδὲ
357 2676 470 2744 ἄνθεσιν
486 2683 664 2769 ἐτιμήσατε,
684 2681 790 2746 τοότου
800 2666 838 2765 (³)
853 2671 1013 2772 ε’δεηθημεν
1032 2679 1146 2748 ἐπίκοο

185 2854 232 2918 ρον
258 2829 393 2921 γενέσθαι
416 2827 539 2906 Χλόης·
559 2829 684 2905 συνήθης
703 2827 760 2921 γὰρ
785 2822 1005 2922 στρατοπέδοις
1032 2835 1145 2921 μαλλον

182 2983 280 3068 ἡμῶν,
299 2979 349 3044 καὶ
375 2978 505 3054 πολλοὺς
528 2968 589 3049 ἤδη
612 2979 760 3068 πολέμους
784 2981 951 3069 ἐπολέμησε
973 2983 1026 3053 τὴν
1046 2979 1146 3072 οἱγροι-
1160 2995 1186 3035 ⁷⁰

182 3127 250 3191 ιιίαν
268 3130 460 3191 καταλιπών·
480 3125 531 3192 καὶ
546 3120 648 3191 άπεισι
664 3132 723 3203 τοῖς
740 3125 945 3217 Μηθυμναίοις
963 3130 1016 3192 οὐκ
1037 3125 1146 3220 ἀγαθὸς

183 3273 335 3364 πολέμιος.
354 3274 460 3364 Κάμνε
476 3266 510 3340 δὲ
526 3268 634 3365 μηδὲν,
651 3270 731 3340 ἀλλὰ
749 3272 882 3351 ἀναστὰς
900 3274 1007 3368 ὄφθητι
1021 3277 1147 3368 Δάμωνι

220 3507 257 3567 (1)
276 3499 437 3571 Πρεσόυτάτη.
448 3532 484 3541 -
497 3502 597 3554 Πλάτων
617 3505 639 3555 έν
655 3502 768 3572 Φαίδρῳ’
784 3505 799 3558 ἡ
816 3500 964 3572 πρεαέυτάτη
986 3512 1031 3558 τῶν
1047 3513 1147 3559 Μουσῶν

185 3594 271 3645 Κλειώ.

222 3687 259 3752 (ο)
278 3683 382 3743 Πεδίοις.
400 3691 433 3746 λ,
448 3686 496 3735 ἐκεῖ
512 3681 624 3744 παιδίοις.
642 3693 668 3747 Β,
684 3687 774 3740 ἐκείνη.
790 3724 795 3734 ·
811 3725 815 3734 .
829 3727 835 3737 .
849 3684 918 3745 δίοις.
932 3691 1051 3758 Γραπτέιν
1068 3687 1147 3741 δοκεῖ·

188 3778 260 3844 ἐκείνη
282 3774 373 3836 πεδίοις
394 3778 469 3829 κοινὸν
491 3775 559 3829 οὐδὲν
584 3777 621 3829 καί
642 3775 777 3846 προόατίοις
797 3786 835 3831 τιῡ
857 3781 982 3849 Δρύαντος,
1006 3778 1067 3850 μηδὲ
1087 3782 1150 3852 σοίγε

187 3870 238 3926 ταῖς
252 3867 299 3928 αἰξὶ
315 3876 355 3921 τοῦ
371 3869 496 3938 Δάμωνος.

224 3960 260 4025 (3)
279 3964 374 4022 Τοότου,
385 3968 413 4012 Δ,
425 3969 450 4021 Β,
464 3969 552 4014 τοῦτον.
