2768 4874
291 599 311 642 x
620 576 657 640 L.
681 592 725 640 111
752 574 915 643 SlNNER

290 714 509 806 reprehensus
527 737 547 780 a
563 713 636 780 viro
657 736 787 781 summo
800 715 1001 797 Letronnio‚
1026 712 1164 783 Journal
1187 714 1243 784 des

287 845 439 918 savants,
460 830 663 918 1818,1111.,
679 856 711 924 p.
729 834 794 915 411
818 834 938 915 ethos.
956 829 1108 900 Condide
1123 832 1242 901 dicam.

287 948 353 1017 Ubi
364 949 443 1017 boni
462 949 585 1019 indices
603 948 645 1019 ad
663 973 782 1018 manus
798 963 912 1034 erant,
931 973 982 1018 res
998 946 1153 1017 facillime
1163 975 1243 1024 ‚suc-

285 1065 432 1135 cedebat
447 1066 514 1135 Sed
528 1081 565 1135 ut
581 1062 681 1163 caput
696 1081 728 1136 et
744 1065 1154 1161 paragraphumPlatonis
1168 1094 1199 1136 v.
1212 1095 1241 1137 0.

285 1186 471 1253 accuratius
489 1210 619 1279 possem
639 1184 793 1272 laudare,
812 1185 977 1271 indicare,
991 1184 1069 1253 idco
1085 1209 1164 1255 sane
1175 1186 1243 1256 dia-
1325 1228 1328 1237 ·

286 1300 398 1396 logum
418 1317 526 1373 totum
545 1303 693 1398 relegere
705 1328 766 1373 nec
784 1305 899 1398 potui,
915 1328 977 1372 nec
994 1301 1097 1372 volui.
1114 1306 1242 1375 Potuis-

284 1445 354 1490 sem
372 1421 507 1514 quidem
530 1424 580 1508 si,
598 1421 710 1517 plures
732 1449 792 1517 per
806 1447 936 1492 menses
950 1446 1116 1509 annosve,
1134 1447 1241 1492 exem·

282 1537 358 1631 piar
368 1543 558 1609 Romanum
574 1542 608 1609 in
623 1539 824 1610 bibliotheca
841 1565 913 1610 mec
928 1539 1136 1626 habuissem,
1149 1542 1240 1633 quod

283 1670 352 1725 tarn
377 1655 463 1726 felici
487 1682 559 1726 csse
583 1658 666 1725 mihi
690 1682 757 1727 non
784 1659 935 1752 contigit.
959 1661 999 1726 In
1024 1658 1111 1726 notis
1127 1672 1238 1727 autem

283 1774 372 1859 istis,
387 1775 466 1863 ubi,
484 1790 616 1868 praeter
629 1800 703 1870 pag.
718 1776 772 1846 ed.
786 1780 883 1844 Rom.
904 1772 967 1846 150
983 1769 1017 1842 e't
1026 1799 1100 1869 pag.
1123 1773 1189 1845 160
1206 1791 1239 1844 01

281 1912 357 1985 pag.
377 1889 526 1978 163,1001
543 1907 718 1962 auctorum
734 1918 802 1962 non
819 1892 1051 1978 emendantur,
1067 1893 1124 1963 sed
1140 1894 1239 1961 citan-

280 2023 337 2078 tur
362 2024 511 2097 tantum,
537 2011 695 2081 indicatio
712 2011 796 2081 haec
813 2012 923 2080 minus
947 2002 1064 2105 aegre',
1083 2036 1183 2103 quam
1204 2012 1239 2080 in

280 2128 377 2197 Lucii
401 2129 494 2197 Asini
515 2128 661 2197 editione
681 2154 713 2196 v.
736 2153 787 2214 c,
814 2127 1066 2197 desiderabitur.
1089 2127 1238 2197 Iudicem

280 2259 455 2314 auctorum
472 2244 683 2317 laudatorum
700 2247 742 2317 ad
754 2244 878 2316 calcem
896 2245 1086 2315 addendum
1102 2247 1225 2315 censui.

327 2362 584 2432 Emendationes
605 2365 756 2455 priorum
773 2365 952 2449 editorum,
970 2389 990 2432 a
1007 2365 1182 2434 Courierio
1204 2365 1238 2432 in

278 2491 471 2547 contextum
500 2495 673 2574 receptas,
700 2481 734 2549 in
757 2482 917 2551 Auctario
945 2481 1137 2550 auctoribus
1161 2483 1239 2550 suis

278 2594 460 2683 vindicavi,
479 2613 517 2666 ut
534 2599 581 2686 ii,
596 2600 654 2692 qui
672 2599 943 2669 amoenissimum
965 2599 1237 2692 Erotographum

278 2716 312 2782 in
337 2715 400 2784 hac
423 2714 493 2785 sola
515 2716 661 2786 editione
678 2717 796 2786 lecturi
814 2719 899 2804 sint,
923 2719 1034 2787 statim
1051 2719 1105 2787 cui
1127 2715 1237 2788 lucem
1301 2770 1308 2779 .
1332 2708 1335 2712 ’

278 2832 420 2903 debcant
437 2836 643 2928 gratiasque,
660 2850 796 2930 possent
813 2837 907 2905 scire.

326 2952 562 3022 Recudendam
584 2979 653 3023 esse
673 2955 752 3022 duxi
768 2952 1054 3048 Epistolamillam
1068 2954 1236 3035 Couricrii

277 3070 477 3166 encyclicam
494 3071 744 3166 franco-gallice
760 3074 934 3166 scriptam,
950 3098 1051 3166 quam
1071 3075 1105 3142 in
1124 3075 1234 3141 Ciam-

277 3191 343 3283 pii,
367 3189 420 3261 vel
438 3193 548 3285 potius
571 3192 689 3261 Furiae
714 3190 889 3274 lectiones,
911 3216 993 3284 ques
1011 3190 1235 3284 supplementi

276 3309 436 3377 hactenus
464 3311 580 3381 inediti
600 3312 767 3381 variantes
794 3310 970 3395 dixerunt,
1007 3309 1090 3379 duos
1127 3335 1234 3379 annos

276 3441 352 3521 post
370 3426 549 3498 editionem
565 3431 665 3500 totius
688 3429 812 3523 Longi,
839 3428 973 3498 Parisiis
1000 3427 1114 3497 edidit.
1134 3428 1234 3514 Quae

276 3546 393 3615 acerbe
414 3547 519 3640 magis
536 3572 638 3639 quam
658 3550 743 3618 iuste
760 3563 839 3617 sunt
863 3547 952 3618 dicta
973 3549 1007 3616 in
1031 3546 1133 3615 Italos
1157 3570 1232 3614 mu·

277 3679 347 3735 tare
365 3689 432 3733 non
450 3667 560 3758 potui,
581 3669 658 3760 quia
678 3682 747 3736 tota
764 3668 846 3737 haec
861 3667 1003 3736 diatribe
1017 3663 1230 3759 diplomatica

277 3786 310 3853 in
338 3784 508 3852 historiam
532 3787 638 3877 Longi
665 3786 735 3854 sore
756 3787 940 3855 videbatur.
964 3786 1102 3877 Propria
1119 3798 1230 3852 tamen
