<?xml version="1.0" encoding="UTF-8"?>
<!DOCTYPE html PUBLIC "-//W3C//DTD XHTML 1.0 Transitional//EN"
    "http://www.w3.org/TR/xhtml1/DTD/xhtml1-transitional.dtd">
<html xmlns="http://www.w3.org/1999/xhtml" xml:lang="en" lang="en">
 <head>
  <title>
</title>
<meta http-equiv="Content-Type" content="text/html;charset=utf-8" />
  <meta name='ocr-system' content='tesseract 3.04.00' />
  <meta name='ocr-capabilities' content='ocr_page ocr_carea ocr_par ocr_line ocrx_word'/>
</head>
<body>
  <div class='ocr_page' id='page_1' title='image "./longipastoralia00sinngoog_0123.png"; bbox 0 0 2768 4874; ppageno 0'>
   <div class='ocr_carea' id='block_1_1' title="bbox 249 642 982 724">
    <p class='ocr_par' dir='ltr' id='par_1_1' title="bbox 249 642 982 724">
     <span class='ocr_line' id='line_1_1' title="bbox 249 642 982 724; baseline -0.005 0"><span class='ocrx_word' id='word_1_1' title='bbox 249 642 295 724; x_wconf 71' lang='lat'>44</span> <span class='ocrx_word' id='word_1_2' title='bbox 447 655 631 721; x_wconf 68' lang='grc' dir='ltr'>λοιπον</span> <span class='ocrx_word' id='word_1_3' title='bbox 663 654 982 720; x_wconf 79' lang='grc' dir='ltr'>ΠοιΜΕΝικωΝ</span> 
     </span>
    </p>
   </div>
   <div class='ocr_carea' id='block_1_2' title="bbox 247 817 1206 918">
    <p class='ocr_par' dir='ltr' id='par_1_2' title="bbox 247 817 1206 918">
     <span class='ocr_line' id='line_1_2' title="bbox 247 817 1206 918; baseline 0.015 -32"><span class='ocrx_word' id='word_1_4' title='bbox 247 821 347 908; x_wconf 80' lang='grc' dir='ltr'>ἐκείνῳ</span> <span class='ocrx_word' id='word_1_5' title='bbox 369 825 509 918; x_wconf 81' lang='grc' dir='ltr'>έσύρισα,</span> <span class='ocrx_word' id='word_1_6' title='bbox 529 830 607 909; x_wconf 85' lang='grc' dir='ltr'>βοῶν</span> <span class='ocrx_word' id='word_1_7' title='bbox 625 817 659 892; x_wconf 80' lang='grc' dir='ltr'>θὲ</span> <span class='ocrx_word' id='word_1_8' title='bbox 675 831 789 902; x_wconf 81' lang='grc' dir='ltr'>πολλῆς</span> <span class='ocrx_word' id='word_1_9' title='bbox 814 824 922 918; x_wconf 79' lang='grc' dir='ltr'>ἀγέλης</span> <span class='ocrx_word' id='word_1_10' title='bbox 946 823 1105 916; x_wconf 75' lang='grc' dir='ltr'>ἡγησάμην</span> <span class='ocrx_word' id='word_1_11' title='bbox 1132 825 1206 915; x_wconf 75' lang='grc' dir='ltr'>μόνη</span> 
     </span>
    </p>
   </div>
   <div class='ocr_carea' id='block_1_3' title="bbox 246 957 1206 1068">
    <p class='ocr_par' dir='ltr' id='par_1_3' title="bbox 246 957 1206 1068">
     <span class='ocr_line' id='line_1_3' title="bbox 246 957 1206 1068; baseline 0.003 -30"><span class='ocrx_word' id='word_1_12' title='bbox 246 983 383 1065; x_wconf 78' lang='grc' dir='ltr'>μουσικῇ.</span> <span class='ocrx_word' id='word_1_13' title='bbox 404 957 478 1041; x_wconf 65' lang='lat' dir='ltr'>fixo)</span> <span class='ocrx_word' id='word_1_14' title='bbox 499 967 534 1042; x_wconf 73' lang='grc' dir='ltr'>δὲ</span> <span class='ocrx_word' id='word_1_15' title='bbox 556 982 637 1068; x_wconf 89' lang='grc' dir='ltr'>ὑμῖν,</span> <span class='ocrx_word' id='word_1_16' title='bbox 656 979 713 1042; x_wconf 83' lang='grc' dir='ltr'>ὅσα</span> <span class='ocrx_word' id='word_1_17' title='bbox 728 968 817 1058; x_wconf 81' lang='grc' dir='ltr'>εἷθον,</span> <span class='ocrx_word' id='word_1_18' title='bbox 833 976 989 1066; x_wconf 81' lang='grc' dir='ltr'>μηνύσων·</span> <span class='ocrx_word' id='word_1_19' title='bbox 1009 977 1065 1040; x_wconf 81' lang='grc' dir='ltr'>ὅσα</span> <span class='ocrx_word' id='word_1_20' title='bbox 1081 976 1206 1059; x_wconf 81' lang='grc' dir='ltr'>ἤκουσα,</span> 
     </span>
    </p>
   </div>
   <div class='ocr_carea' id='block_1_4' title="bbox 205 1116 1276 3599">
    <p class='ocr_par' dir='ltr' id='par_1_4' title="bbox 245 1116 1206 1809">
     <span class='ocr_line' id='line_1_4' title="bbox 247 1116 1205 1216; baseline 0.001 -30"><span class='ocrx_word' id='word_1_21' title='bbox 247 1120 438 1214; x_wconf 75' lang='grc' dir='ltr'>ἀπαγγελῶν.</span> <span class='ocrx_word' id='word_1_22' title='bbox 460 1123 566 1200; x_wconf 83' lang='grc' dir='ltr'>Κῆπύς</span> <span class='ocrx_word' id='word_1_23' title='bbox 585 1124 652 1192; x_wconf 74' lang='grc' dir='ltr'>ἔστί</span> <span class='ocrx_word' id='word_1_24' title='bbox 671 1151 723 1216; x_wconf 86' lang='grc' dir='ltr'>μοι</span> <span class='ocrx_word' id='word_1_25' title='bbox 741 1134 800 1190; x_wconf 86' lang='grc' dir='ltr'>τῶν</span> <span class='ocrx_word' id='word_1_26' title='bbox 817 1127 896 1214; x_wconf 79' lang='grc' dir='ltr'>ἐμῶν</span> <span class='ocrx_word' id='word_1_27' title='bbox 915 1133 1035 1216; x_wconf 85' lang='grc' dir='ltr'>χειρῶν·</span> <span class='ocrx_word' id='word_1_28' title='bbox 1057 1121 1110 1207; x_wconf 84' lang='grc' dir='ltr'>ὃν,</span> <span class='ocrx_word' id='word_1_29' title='bbox 1128 1116 1160 1200; x_wconf 73' lang='grc' dir='ltr'>ἐξ</span> <span class='ocrx_word' id='word_1_30' title='bbox 1174 1121 1205 1189; x_wconf 87' lang='grc' dir='ltr'>οὑ</span> 
     </span>
     <span class='ocr_line' id='line_1_5' title="bbox 245 1261 1206 1364; baseline 0.002 -30"><span class='ocrx_word' id='word_1_31' title='bbox 245 1271 340 1360; x_wconf 85' lang='grc' dir='ltr'>νέμειν</span> <span class='ocrx_word' id='word_1_32' title='bbox 358 1261 411 1335; x_wconf 82' lang='grc' dir='ltr'>θιὰ</span> <span class='ocrx_word' id='word_1_33' title='bbox 426 1280 518 1364; x_wconf 84' lang='grc' dir='ltr'>γῆρας</span> <span class='ocrx_word' id='word_1_34' title='bbox 534 1271 722 1363; x_wconf 78' lang='grc' dir='ltr'>ἐπαυσάμην,</span> <span class='ocrx_word' id='word_1_35' title='bbox 739 1264 973 1361; x_wconf 73' lang='grc' dir='ltr'>έΕεπονησάμην·</span> <span class='ocrx_word' id='word_1_36' title='bbox 989 1272 1045 1336; x_wconf 88' lang='grc' dir='ltr'>ύσα</span> <span class='ocrx_word' id='word_1_37' title='bbox 1064 1268 1136 1363; x_wconf 83' lang='grc' dir='ltr'>ὧραι</span> <span class='ocrx_word' id='word_1_38' title='bbox 1154 1273 1206 1363; x_wconf 82' lang='grc' dir='ltr'>ρί-</span> 
     </span>
     <span class='ocr_line' id='line_1_6' title="bbox 248 1400 1205 1510; baseline 0.002 -27"><span class='ocrx_word' id='word_1_39' title='bbox 248 1434 341 1508; x_wconf 82' lang='grc' dir='ltr'>ρουσι,</span> <span class='ocrx_word' id='word_1_40' title='bbox 361 1419 462 1486; x_wconf 77' lang='grc' dir='ltr'>πάντα</span> <span class='ocrx_word' id='word_1_41' title='bbox 482 1420 558 1510; x_wconf 84' lang='grc' dir='ltr'>ἔχων</span> <span class='ocrx_word' id='word_1_42' title='bbox 576 1421 606 1484; x_wconf 83' lang='grc' dir='ltr'>έν</span> <span class='ocrx_word' id='word_1_43' title='bbox 624 1405 753 1509; x_wconf 49' lang='grc' dir='ltr'>αὑτῷρ)</span> <span class='ocrx_word' id='word_1_44' title='bbox 773 1419 838 1485; x_wconf 88' lang='grc' dir='ltr'>καθ’</span> <span class='ocrx_word' id='word_1_45' title='bbox 857 1424 934 1510; x_wconf 86' lang='grc' dir='ltr'>ὥραν</span> <span class='ocrx_word' id='word_1_46' title='bbox 954 1417 1092 1491; x_wconf 72' lang='grc' dir='ltr'>ἑκάστην.</span> <span class='ocrx_word' id='word_1_47' title='bbox 1112 1400 1205 1508; x_wconf 65' lang='grc' dir='ltr'>ύΙρος,</span> 
     </span>
     <span class='ocr_line' id='line_1_7' title="bbox 250 1557 1205 1660; baseline 0.002 -28"><span class='ocrx_word' id='word_1_48' title='bbox 250 1557 337 1658; x_wconf 82' lang='grc' dir='ltr'>ρύθα,</span> <span class='ocrx_word' id='word_1_49' title='bbox 347 1566 444 1658; x_wconf 90' lang='grc' dir='ltr'>κρίνα,</span> <span class='ocrx_word' id='word_1_50' title='bbox 456 1565 507 1633; x_wconf 86' lang='grc' dir='ltr'>καὶ</span> <span class='ocrx_word' id='word_1_51' title='bbox 520 1567 667 1649; x_wconf 73' lang='grc' dir='ltr'>ὑάκινθος,</span> <span class='ocrx_word' id='word_1_52' title='bbox 678 1566 729 1632; x_wconf 85' lang='grc' dir='ltr'>καὶ</span> <span class='ocrx_word' id='word_1_53' title='bbox 743 1565 775 1632; x_wconf 85' lang='grc' dir='ltr'>ἴα</span> <span class='ocrx_word' id='word_1_54' title='bbox 791 1566 959 1660; x_wconf 81' lang='grc' dir='ltr'>ἀμφύτερα·</span> <span class='ocrx_word' id='word_1_55' title='bbox 975 1567 1087 1657; x_wconf 86' lang='grc' dir='ltr'>θέρους,</span> <span class='ocrx_word' id='word_1_56' title='bbox 1104 1569 1205 1658; x_wconf 73' lang='grc' dir='ltr'>μήκω-</span> 
     </span>
     <span class='ocr_line' id='line_1_8' title="bbox 245 1708 1206 1809; baseline 0.003 -29"><span class='ocrx_word' id='word_1_57' title='bbox 245 1715 362 1800; x_wconf 83' lang='grc' dir='ltr'>νες,καὶ</span> <span class='ocrx_word' id='word_1_58' title='bbox 376 1708 519 1809; x_wconf 74' lang='grc' dir='ltr'>ἀχράδες,</span> <span class='ocrx_word' id='word_1_59' title='bbox 536 1716 587 1782; x_wconf 85' lang='grc' dir='ltr'>καὶ</span> <span class='ocrx_word' id='word_1_60' title='bbox 599 1722 682 1809; x_wconf 83' lang='grc' dir='ltr'>μῆλα</span> <span class='ocrx_word' id='word_1_61' title='bbox 691 1716 805 1782; x_wconf 89' lang='grc' dir='ltr'>ποίντα·</span> <span class='ocrx_word' id='word_1_62' title='bbox 814 1726 876 1800; x_wconf 84' lang='grc' dir='ltr'>νῦν,</span> <span class='ocrx_word' id='word_1_63' title='bbox 887 1714 1027 1808; x_wconf 79' lang='grc' dir='ltr'>ἄμπελοι,</span> <span class='ocrx_word' id='word_1_64' title='bbox 1039 1717 1089 1791; x_wconf 84' lang='grc' dir='ltr'>καὶ</span> <span class='ocrx_word' id='word_1_65' title='bbox 1107 1725 1206 1802; x_wconf 90' lang='grc' dir='ltr'>συκαῖ,</span> 
     </span>
    </p>

    <p class='ocr_par' dir='ltr' id='par_1_5' title="bbox 205 1858 1207 2548">
     <span class='ocr_line' id='line_1_9' title="bbox 205 1858 1205 1953; baseline 0.001 -28"><span class='ocrx_word' id='word_1_66' title='bbox 205 1896 233 1934; x_wconf 67' lang='grc' dir='ltr'>ης</span> <span class='ocrx_word' id='word_1_67' title='bbox 246 1859 296 1926; x_wconf 81' lang='grc' dir='ltr'>καὶ</span> <span class='ocrx_word' id='word_1_68' title='bbox 316 1858 412 1951; x_wconf 89' lang='grc' dir='ltr'>ροιαὶ,</span> <span class='ocrx_word' id='word_1_69' title='bbox 429 1858 479 1925; x_wconf 87' lang='grc' dir='ltr'>καὶ</span> <span class='ocrx_word' id='word_1_70' title='bbox 497 1861 596 1953; x_wconf 91' lang='grc' dir='ltr'>μύρτα</span> <span class='ocrx_word' id='word_1_71' title='bbox 611 1859 725 1951; x_wconf 80' lang='grc' dir='ltr'>χλωραί.</span> <span class='ocrx_word' id='word_1_72' title='bbox 744 1859 796 1936; x_wconf 81' lang='grc' dir='ltr'>Εἰς</span> <span class='ocrx_word' id='word_1_73' title='bbox 816 1869 923 1925; x_wconf 86' lang='grc' dir='ltr'>τοῦτον</span> <span class='ocrx_word' id='word_1_74' title='bbox 945 1859 997 1924; x_wconf 88' lang='grc' dir='ltr'>τὸν</span> <span class='ocrx_word' id='word_1_75' title='bbox 1015 1869 1110 1932; x_wconf 85' lang='grc' dir='ltr'>κῆπον</span> <span class='ocrx_word' id='word_1_76' title='bbox 1128 1859 1205 1951; x_wconf 87' lang='grc' dir='ltr'>ὀρνί-</span> 
     </span>
     <span class='ocr_line' id='line_1_10' title="bbox 246 1992 1207 2102; baseline -0.001 -28"><span class='ocrx_word' id='word_1_77' title='bbox 246 2009 303 2075; x_wconf 91' lang='grc' dir='ltr'>θων</span> <span class='ocrx_word' id='word_1_78' title='bbox 322 1992 429 2102; x_wconf 82' lang='grc' dir='ltr'>ἀγέλαι</span> <span class='ocrx_word' id='word_1_79' title='bbox 445 2011 638 2100; x_wconf 79' lang='grc' dir='ltr'>συνέρχονται</span> <span class='ocrx_word' id='word_1_80' title='bbox 656 2009 693 2074; x_wconf 89' lang='grc' dir='ltr'>τὸ</span> <span class='ocrx_word' id='word_1_81' title='bbox 711 2006 843 2074; x_wconf 82' lang='grc' dir='ltr'>έωθινύν·</span> <span class='ocrx_word' id='word_1_82' title='bbox 861 2019 922 2077; x_wconf 85' lang='grc' dir='ltr'>τῶν</span> <span class='ocrx_word' id='word_1_83' title='bbox 939 2009 1014 2100; x_wconf 81' lang='grc' dir='ltr'>μὲν,</span> <span class='ocrx_word' id='word_1_84' title='bbox 1034 2012 1063 2086; x_wconf 82' lang='grc' dir='ltr'>ἐς</span> <span class='ocrx_word' id='word_1_85' title='bbox 1079 2013 1207 2102; x_wconf 79' lang='grc' dir='ltr'>τρορην,</span> 
     </span>
     <span class='ocr_line' id='line_1_11' title="bbox 245 2150 1207 2251; baseline -0.001 -26"><span class='ocrx_word' id='word_1_86' title='bbox 245 2150 386 2242; x_wconf 75' lang='grc' dir='ltr'>τῶνδὲ,</span> <span class='ocrx_word' id='word_1_87' title='bbox 406 2163 434 2236; x_wconf 84' lang='grc' dir='ltr'>ές</span> <span class='ocrx_word' id='word_1_88' title='bbox 457 2150 554 2243; x_wconf 80' lang='grc' dir='ltr'>ᾠδνίν·</span> <span class='ocrx_word' id='word_1_89' title='bbox 580 2162 742 2250; x_wconf 82' lang='grc' dir='ltr'>συνηρερης</span> <span class='ocrx_word' id='word_1_90' title='bbox 766 2155 841 2251; x_wconf 79' lang='grc' dir='ltr'>γὰρ,</span> <span class='ocrx_word' id='word_1_91' title='bbox 869 2157 919 2224; x_wconf 86' lang='grc' dir='ltr'>καὶ</span> <span class='ocrx_word' id='word_1_92' title='bbox 944 2159 1128 2242; x_wconf 80' lang='grc' dir='ltr'>κατάσκιος,</span> <span class='ocrx_word' id='word_1_93' title='bbox 1156 2159 1207 2225; x_wconf 86' lang='grc' dir='ltr'>καὶ</span> 
     </span>
     <span class='ocr_line' id='line_1_12' title="bbox 245 2303 1207 2401; baseline 0.001 -29"><span class='ocrx_word' id='word_1_94' title='bbox 245 2315 355 2400; x_wconf 81' lang='grc' dir='ltr'>πηγαῖς</span> <span class='ocrx_word' id='word_1_95' title='bbox 377 2308 456 2401; x_wconf 87' lang='grc' dir='ltr'>τρισὶ</span> <span class='ocrx_word' id='word_1_96' title='bbox 479 2307 689 2399; x_wconf 80' lang='grc' dir='ltr'>κατάρρυτος·</span> <span class='ocrx_word' id='word_1_97' title='bbox 711 2303 746 2373; x_wconf 81' lang='grc' dir='ltr'>ἂν</span> <span class='ocrx_word' id='word_1_98' title='bbox 767 2309 887 2400; x_wconf 74' lang='grc' dir='ltr'>περιέλῃ</span> <span class='ocrx_word' id='word_1_99' title='bbox 904 2334 951 2384; x_wconf 86' lang='grc' dir='ltr'>τις</span> <span class='ocrx_word' id='word_1_100' title='bbox 972 2312 1025 2382; x_wconf 77' lang='grc' dir='ltr'>τὴν</span> <span class='ocrx_word' id='word_1_101' title='bbox 1046 2305 1207 2398; x_wconf 78' lang='grc' dir='ltr'>αἱμασιὰν,</span> 
     </span>
     <span class='ocr_line' id='line_1_13' title="bbox 245 2452 585 2548; baseline 0.003 -25"><span class='ocrx_word' id='word_1_102' title='bbox 245 2452 337 2535; x_wconf 77' lang='grc' dir='ltr'>ἄλσος</span> <span class='ocrx_word' id='word_1_103' title='bbox 353 2461 423 2548; x_wconf 82' lang='grc' dir='ltr'>ὑρᾷν</span> <span class='ocrx_word' id='word_1_104' title='bbox 441 2458 585 2530; x_wconf 70' lang='grc' dir='ltr'>οἰήσεται.</span> 
     </span>
    </p>

    <p class='ocr_par' dir='ltr' id='par_1_6' title="bbox 224 2596 1276 3599">
     <span class='ocr_line' id='line_1_14' title="bbox 224 2596 1206 2701; baseline 0.002 -30"><span class='ocrx_word' id='word_1_105' title='bbox 224 2652 231 2661; x_wconf 47' lang='grc' dir='ltr'>ι</span> <span class='ocrx_word' id='word_1_106' title='bbox 297 2612 328 2686; x_wconf 70' lang='grc' dir='ltr'>ρ.</span> <span class='ocrx_word' id='word_1_107' title='bbox 359 2605 559 2672; x_wconf 78' lang='grc' dir='ltr'>«Εἰσελθόντι</span> <span class='ocrx_word' id='word_1_108' title='bbox 583 2596 619 2671; x_wconf 76' lang='grc' dir='ltr'>δέ</span> <span class='ocrx_word' id='word_1_109' title='bbox 635 2632 685 2697; x_wconf 92' lang='grc' dir='ltr'>μοι</span> <span class='ocrx_word' id='word_1_110' title='bbox 708 2610 835 2701; x_wconf 68' lang='grc' dir='ltr'>τήμερον</span> <span class='ocrx_word' id='word_1_111' title='bbox 854 2607 932 2698; x_wconf 77' lang='grc' dir='ltr'>ἀμφὶ</span> <span class='ocrx_word' id='word_1_112' title='bbox 955 2609 1045 2698; x_wconf 79' lang='grc' dir='ltr'>μέσον</span> <span class='ocrx_word' id='word_1_113' title='bbox 1071 2611 1206 2700; x_wconf 72' lang='grc' dir='ltr'>ἡμέραν,</span> 
     </span>
     <span class='ocr_line' id='line_1_15' title="bbox 243 2755 1204 2851; baseline 0.002 -30"><span class='ocrx_word' id='word_1_114' title='bbox 243 2755 301 2823; x_wconf 84' lang='grc' dir='ltr'>ὑπὸ</span> <span class='ocrx_word' id='word_1_115' title='bbox 320 2762 388 2832; x_wconf 87' lang='grc' dir='ltr'>ταῖς</span> <span class='ocrx_word' id='word_1_116' title='bbox 406 2760 497 2846; x_wconf 79' lang='grc' dir='ltr'>ῥοιαῖς</span> <span class='ocrx_word' id='word_1_117' title='bbox 513 2757 564 2823; x_wconf 86' lang='grc' dir='ltr'>καὶ</span> <span class='ocrx_word' id='word_1_118' title='bbox 582 2764 649 2834; x_wconf 90' lang='grc' dir='ltr'>ταῖς</span> <span class='ocrx_word' id='word_1_119' title='bbox 668 2757 818 2850; x_wconf 75' lang='grc' dir='ltr'>μυρρίναις</span> <span class='ocrx_word' id='word_1_120' title='bbox 836 2758 982 2841; x_wconf 78' lang='grc' dir='ltr'>βλέπεται</span> <span class='ocrx_word' id='word_1_121' title='bbox 999 2766 1084 2842; x_wconf 90' lang='grc' dir='ltr'>παῖς,</span> <span class='ocrx_word' id='word_1_122' title='bbox 1103 2761 1204 2851; x_wconf 81' lang='grc' dir='ltr'>μύρτα</span> 
     </span>
     <span class='ocr_line' id='line_1_16' title="bbox 244 2901 1202 3000; baseline 0.003 -29"><span class='ocrx_word' id='word_1_123' title='bbox 244 2905 294 2972; x_wconf 89' lang='grc' dir='ltr'>καὶ</span> <span class='ocrx_word' id='word_1_124' title='bbox 312 2904 392 2998; x_wconf 80' lang='grc' dir='ltr'>ροιὰς</span> <span class='ocrx_word' id='word_1_125' title='bbox 413 2907 505 2998; x_wconf 86' lang='grc' dir='ltr'>έχων,</span> <span class='ocrx_word' id='word_1_126' title='bbox 521 2908 624 2985; x_wconf 87' lang='grc' dir='ltr'>λευκὸς</span> <span class='ocrx_word' id='word_1_127' title='bbox 645 2911 744 2994; x_wconf 85' lang='grc' dir='ltr'>ὥσπερ</span> <span class='ocrx_word' id='word_1_128' title='bbox 760 2907 857 3000; x_wconf 86' lang='grc' dir='ltr'>γοίλα,</span> <span class='ocrx_word' id='word_1_129' title='bbox 876 2906 926 2973; x_wconf 88' lang='grc' dir='ltr'>καὶ</span> <span class='ocrx_word' id='word_1_130' title='bbox 943 2901 1046 2985; x_wconf 77' lang='grc' dir='ltr'>ξανθὸς</span> <span class='ocrx_word' id='word_1_131' title='bbox 1063 2915 1102 2986; x_wconf 87' lang='grc' dir='ltr'>ὡς</span> <span class='ocrx_word' id='word_1_132' title='bbox 1119 2919 1202 3000; x_wconf 79' lang='grc' dir='ltr'>πῦρ,</span> 
     </span>
     <span class='ocr_line' id='line_1_17' title="bbox 244 3051 1204 3149; baseline 0.003 -30"><span class='ocrx_word' id='word_1_133' title='bbox 244 3056 387 3133; x_wconf 87' lang='grc' dir='ltr'>στιλπνὺς</span> <span class='ocrx_word' id='word_1_134' title='bbox 399 3061 442 3147; x_wconf 49' lang='grc' dir='ltr'>&gt;ὡς</span> <span class='ocrx_word' id='word_1_135' title='bbox 460 3051 531 3149; x_wconf 77' lang='grc' dir='ltr'>ἄρτι</span> <span class='ocrx_word' id='word_1_136' title='bbox 544 3058 733 3149; x_wconf 80' lang='grc' dir='ltr'>λελουμένος.</span> <span class='ocrx_word' id='word_1_137' title='bbox 750 3060 774 3122; x_wconf 89' lang='grc' dir='ltr'><strong><em>Γ</em></strong></span> <span class='ocrx_word' id='word_1_138' title='bbox 774 3055 865 3147; x_wconf 87' lang='grc' dir='ltr'>υμνὸς</span> <span class='ocrx_word' id='word_1_139' title='bbox 881 3053 930 3141; x_wconf 78' lang='grc' dir='ltr'>ἦν,</span> <span class='ocrx_word' id='word_1_140' title='bbox 944 3056 1035 3149; x_wconf 85' lang='grc' dir='ltr'>μένος</span> <span class='ocrx_word' id='word_1_141' title='bbox 1051 3055 1101 3129; x_wconf 80' lang='grc' dir='ltr'>ἦν·</span> <span class='ocrx_word' id='word_1_142' title='bbox 1120 3058 1204 3122; x_wconf 83' lang='grc' dir='ltr'>έπαι-</span> 
     </span>
     <span class='ocr_line' id='line_1_18' title="bbox 242 3193 1203 3299; baseline 0.004 -31"><span class='ocrx_word' id='word_1_143' title='bbox 242 3196 289 3282; x_wconf 76' lang='grc' dir='ltr'>ζεν</span> <span class='ocrx_word' id='word_1_144' title='bbox 315 3210 354 3282; x_wconf 87' lang='grc' dir='ltr'>ὡς</span> <span class='ocrx_word' id='word_1_145' title='bbox 382 3196 459 3272; x_wconf 81' lang='grc' dir='ltr'>’ίθιον</span> <span class='ocrx_word' id='word_1_146' title='bbox 484 3216 580 3279; x_wconf 84' lang='grc' dir='ltr'>κῆπον</span> <span class='ocrx_word' id='word_1_147' title='bbox 600 3216 728 3299; x_wconf 87' lang='grc' dir='ltr'>τρυγῶν.</span> <span class='ocrx_word' id='word_1_148' title='bbox 747 3193 835 3299; x_wconf 23' lang='grc' dir='ltr'>Ἐγὼ.</span> <span class='ocrx_word' id='word_1_149' title='bbox 852 3206 904 3298; x_wconf 82' lang='grc' dir='ltr'>μὲν</span> <span class='ocrx_word' id='word_1_150' title='bbox 932 3203 981 3271; x_wconf 82' lang='grc' dir='ltr'>οὖν</span> <span class='ocrx_word' id='word_1_151' title='bbox 1008 3210 1135 3299; x_wconf 85' lang='grc' dir='ltr'>ὥρμησα</span> <span class='ocrx_word' id='word_1_152' title='bbox 1155 3209 1203 3272; x_wconf 79' lang='grc' dir='ltr'>ἐπ’</span> 
     </span>
     <span class='ocr_line' id='line_1_19' title="bbox 243 3348 1276 3450; baseline 0.002 -31"><span class='ocrx_word' id='word_1_153' title='bbox 243 3354 332 3420; x_wconf 83' lang='grc' dir='ltr'>αὑτὸν</span> <span class='ocrx_word' id='word_1_154' title='bbox 359 3361 397 3432; x_wconf 86' lang='grc' dir='ltr'>ὡς</span> <span class='ocrx_word' id='word_1_155' title='bbox 423 3355 664 3449; x_wconf 79' lang='grc' dir='ltr'>συλληψόμενος,</span> <span class='ocrx_word' id='word_1_156' title='bbox 690 3348 791 3434; x_wconf 75' lang='grc' dir='ltr'>δείσας</span> <span class='ocrx_word' id='word_1_157' title='bbox 815 3361 856 3449; x_wconf 78' lang='grc' dir='ltr'>μὴ</span> <span class='ocrx_word' id='word_1_158' title='bbox 881 3361 930 3424; x_wconf 90' lang='grc' dir='ltr'>ὑπ’</span> <span class='ocrx_word' id='word_1_159' title='bbox 954 3356 1119 3450; x_wconf 82' lang='grc' dir='ltr'>ἀγερωχίας</span> <span class='ocrx_word' id='word_1_160' title='bbox 1146 3353 1202 3434; x_wconf 86' lang='grc' dir='ltr'>τὰς</span> <span class='ocrx_word' id='word_1_161' title='bbox 1274 3429 1276 3432; x_wconf 19' lang='lat'><em>⁴</em></span> 
     </span>
     <span class='ocr_line' id='line_1_20' title="bbox 242 3496 1202 3599; baseline 0.004 -33"><span class='ocrx_word' id='word_1_162' title='bbox 242 3502 383 3594; x_wconf 78' lang='grc' dir='ltr'>μυρρίνας</span> <span class='ocrx_word' id='word_1_163' title='bbox 404 3504 453 3569; x_wconf 86' lang='grc' dir='ltr'>καὶ</span> <span class='ocrx_word' id='word_1_164' title='bbox 472 3500 528 3581; x_wconf 78' lang='grc' dir='ltr'>τὰς</span> <span class='ocrx_word' id='word_1_165' title='bbox 554 3503 634 3595; x_wconf 80' lang='grc' dir='ltr'>ροιὰς</span> <span class='ocrx_word' id='word_1_166' title='bbox 652 3504 846 3599; x_wconf 83' lang='grc' dir='ltr'>κατακλύσιρ·</span> <span class='ocrx_word' id='word_1_167' title='bbox 874 3511 890 3571; x_wconf 85' lang='grc' dir='ltr'>ὁ</span> <span class='ocrx_word' id='word_1_168' title='bbox 911 3496 947 3570; x_wconf 78' lang='grc' dir='ltr'>δέ</span> <span class='ocrx_word' id='word_1_169' title='bbox 963 3531 999 3597; x_wconf 94' lang='grc' dir='ltr'>με</span> <span class='ocrx_word' id='word_1_170' title='bbox 1015 3508 1131 3596; x_wconf 82' lang='grc' dir='ltr'>κούφως</span> <span class='ocrx_word' id='word_1_171' title='bbox 1150 3504 1202 3570; x_wconf 84' lang='grc' dir='ltr'>καὶ</span> 
     </span>
    </p>
   </div>
   <div class='ocr_carea' id='block_1_5' title="bbox 243 3640 1200 3746">
    <p class='ocr_par' dir='ltr' id='par_1_7' title="bbox 243 3640 1200 3746">
     <span class='ocr_line' id='line_1_21' title="bbox 243 3640 1200 3746; baseline 0.002 -32"><span class='ocrx_word' id='word_1_172' title='bbox 243 3640 352 3740; x_wconf 81' lang='grc' dir='ltr'>ρᾳθίως</span> <span class='ocrx_word' id='word_1_173' title='bbox 373 3653 534 3743; x_wconf 82' lang='grc' dir='ltr'>ὑπέφευγε,</span> <span class='ocrx_word' id='word_1_174' title='bbox 560 3654 637 3718; x_wconf 82' lang='grc' dir='ltr'>ποτὲ</span> <span class='ocrx_word' id='word_1_175' title='bbox 651 3654 713 3745; x_wconf 78' lang='grc' dir='ltr'>’μὲν</span> <span class='ocrx_word' id='word_1_176' title='bbox 736 3662 802 3731; x_wconf 89' lang='grc' dir='ltr'>ταῖς</span> <span class='ocrx_word' id='word_1_177' title='bbox 830 3645 984 3746; x_wconf 77' lang='grc' dir='ltr'>ροθωνιαῖς</span> <span class='ocrx_word' id='word_1_178' title='bbox 1006 3654 1200 3746; x_wconf 85' lang='grc' dir='ltr'>ὑποτρέχων,</span> 
     </span>
    </p>
   </div>
   <div class='ocr_carea' id='block_1_6' title="bbox 277 3881 472 3950">
    <p class='ocr_par' dir='ltr' id='par_1_8' title="bbox 277 3881 472 3950">
     <span class='ocr_line' id='line_1_22' title="bbox 277 3881 472 3950; baseline 0 -20"><span class='ocrx_word' id='word_1_179' title='bbox 277 3881 317 3946; x_wconf 85' lang='grc' dir='ltr'>(ι)</span> <span class='ocrx_word' id='word_1_180' title='bbox 335 3884 412 3950; x_wconf 80' lang='grc' dir='ltr'>λὺτῷ,</span> <span class='ocrx_word' id='word_1_181' title='bbox 426 3887 472 3931; x_wconf 72' lang='lat' dir='ltr'>AB.</span> 
     </span>
    </p>
   </div>
   <div class='ocr_carea' id='block_1_7' title="bbox 0 0 1388 4874">
    <p class='ocr_par' dir='ltr' id='par_1_9' title="bbox 0 0 1388 4874">
     <span class='ocr_line' id='line_1_23' title="bbox 0 0 1388 4874; baseline 0 1"><span class='ocrx_word' id='word_1_182' title='bbox 0 0 1388 4874; x_wconf 95' lang='lat' dir='ltr'> </span> 
     </span>
    </p>
   </div>
  </div>
 </body>
</html>
