2768 4874
458 662 925 731 Amnanvaasronuu.
1101 662 1167 756 173

245 794 353 854 aaran
372 798 429 871 di]
444 802 477 858 di
490 819 540 872 pro
551 799 582 852 tt
592 801 750 855 coniectura
759 811 800 854 est
812 800 957 881 Sohaeieri.
978 827 982 833 ·

568 966 613 1010 Al)
632 966 739 1011 CAPUT
761 963 800 1011 13.

244 1115 362 1186 ssipen]
382 1115 433 1168 llic
452 1115 548 1186 incipit
565 1113 760 1185 fragmentum,
779 1114 855 1185 quod
870 1117 898 1167 in
919 1116 977 1169 solo
997 1115 1090 1169 codice
1109 1115 1170 1168 Flo-

208 1209 316 1260 rentino
330 1217 452 1272 exstat,a
464 1208 606 1261 Courierio
619 1206 675 1267 his,
686 1208 789 1260 aFuria
801 1225 942 1278 nunquam
955 1207 1072 1272 editum,
1084 1207 1169 1279 quod,

208 1299 334 1372 pluribus
348 1298 418 1353 male
432 1299 581 1365 creditum,
592 1309 668 1352 certo
681 1316 791 1370 possum
803 1297 946 1352 affirmare.
961 1299 1066 1353 Desinit
1079 1317 1102 1352 c.
1123 1319 1170 1368 17,

211 1411 237 1464 p.
250 1411 296 1462 29,
309 1391 351 1447 ed.
366 1395 516 1458 Romanae,
530 1412 557 1466 p.
570 1394 617 1457 23,
629 1391 672 1446 ed.
691 1403 808 1456 nostrae,
822 1401 885 1445 ante
895 1409 987 1445 vocem
999 1393 1099 1463 ἐγένετο.

245 1490 284 1554 Τῇ
294 1491 375 1557 πηγῇ
389 1484 543 1556 προστάς]
558 1484 692 1557 liprande,
706 1503 755 1557 per
765 1484 821 1537 duo
835 1490 925 1549 o,'nec
936 1485 965 1536 ln
976 1482 1018 1537 ed.
1030 1485 1108 1537 Rom.
1121 1501 1171 1537 uec

208 1576 237 1628 in
251 1575 380 1648 peculiari
392 1576 510 1630 editione
521 1575 664 1648 fragmenti
677 1587 770 1631 exstat.
784 1579 832 1630 Est
846 1594 910 1647 ergo
922 1576 996 1648 apud
1007 1577 1170 1630 Passowium

208 1669 236 1719 in
252 1668 434 1741 praefatione,
447 1689 474 1743 p.
492 1689 559 1734 xxx,
572 1671 615 1724 vel
629 1688 705 1724 error
716 1670 845 1734 Beklseri,
858 1669 900 1723 vel
914 1671 1087 1734 coniectura,
1099 1687 1173 1742 prae-

209 1759 261 1813 lata
280 1761 388 1815 lectioni
400 1761 501 1817 codicis
514 1761 548 1815 ab
564 1763 747 1816 Eichstaedtio
762 1774 790 1817 ct
799 1763 942 1816 Passowio.
960 1761 1130 1827 Eichstaedt,
1143 1763 1172 1816 in

207 1845 280 1906 Actis
291 1854 427 1907 seminarii
437 1853 595 1926 philologici
605 1855 767 1926 Lipsiensis,
779 1864 798 1908 t.
809 1855 853 1918 11,
865 1873 891 1926 p.
908 1872 973 1923 190,
985 1853 1079 1907 iaudat
1092 1853 1172 1907 verba

207 1946 385 2016 Etymologlci
397 1948 503 2016 Magni,
513 1966 535 2000 c.
547 1965 607 2016 700,
621 1949 668 2000 18:
680 1947 785 1999 τοιοῦτόν
796 1948 832 2006 ter
843 1946 883 1997 nal
896 1948 923 1998 τὸ
934 1952 1119 2016 προστῆναι·
1132 1946 1173 2000 tais

207 2038 254 2109 γὰρ
272 2037 346 2101 εἴπω,
357 2039 486 2109 irpeas-isal
500 2056 542 2108 μοι
556 2040 597 2094 rin
612 2038 698 2108 τροφὴν
710 2037 748 2090 ἐπὶ
760 2045 801 2091 τοῦ
814 2039 950 2107 στομάχου,
965 2035 1009 2088 διὰ
1023 2033 1065 2089 <tto
1086 2059 1101 2091 σ
1115 2040 1173 2111 γρά-

208 2148 287 2200 quat.
303 2119 348 2182 ὅτι
363 2128 396 2186 ti
412 2132 518 2200 rapallo
531 2130 558 2181 ri
569 2129 738 2202 προΐστασθαι,
751 2126 784 2180 δι’
800 2130 854 2190 iric.
866 2127 919 2182 sed
933 2130 991 2201 ipsa
1003 2129 1070 2183 haec
1082 2131 1173 2200 regula

208 2216 306 2288 prohat
319 2218 438 2271 Graecos
455 2218 616 2289 Etymologo
630 2219 797 2290 antiquiores
817 2235 981 2270 concursum
1000 2218 1110 2271 isthunc
1130 2219 1173 2272 lit·

209 2317 281 2362 terae
295 2330 324 2373 a,
337 2311 465 2382 repetitae
477 2320 539 2363 ante
548 2331 571 2374 τ,
581 2311 691 2375 vitasse,
700 2328 750 2363 nec
765 2305 854 2362 tamen
870 2309 986 2363 formam
995 2309 1100 2381 προστὰς
1111 2311 1173 2364 ideo

208 2401 243 2454 ad
256 2401 414 2473 reprimitur,
427 2401 475 2454 sed
489 2401 558 2455 benc
572 2400 606 2455 ad
616 2401 772 2472 προσιστᾶναι
783 2400 914 2455 retulisse.
925 2401 1055 2473 Alioquin
1067 2404 1175 2474 Etyma·

209 2494 286 2564 lngus
304 2495 357 2548 hoc
369 2512 424 2547 non
442 2495 604 2567 scripsisset,
623 2495 675 2547 nisi
693 2493 819 2547 indoctos
834 2495 934 2548 erroris
949 2494 1051 2548 vitandi
1066 2496 1094 2548 in
1110 2513 1175 2548 ana·

206 2587 256 2658 lysi
278 2586 361 2641 huius
379 2587 454 2640 verbi
474 2586 629 2641 admonitos
649 2587 786 2640 voluisset.
805 2587 876 2641 Cum
896 2586 1040 2641 Schaelero
1057 2606 1122 2659 ergo
1139 2587 1174 2641 ad

209 2680 370 2751 Dionysium
382 2679 477 2745 Helie,
486 2684 527 2735 De
538 2699 626 2752 comp.
640 2679 745 2745 verhh.‚
759 2699 785 2751 p.
800 2689 858 2745 141,
868 2690 896 2733 et
907 2686 970 2734 cum
984 2683 1006 2733 1.
1019 2682 1051 2734 G.
1067 2682 1175 2735 Schnei-

209 2773 275 2827 dero
305 2773 340 2826 ad
363 2774 488 2845 Xenoph.
509 2776 629 2837 Oricon,
648 2791 674 2845 p.
693 2792 737 2844 71,
758 2783 786 2826 et
805 2771 840 2825 ad
861 2773 996 2844 Theophr.
1023 2773 1102 2826 Char.
1130 2781 1174 2837 14,

210 2883 236 2937 p.
257 2865 322 2930 130,
338 2883 401 2919 cum
415 2866 490 2918 Astio
504 2864 539 2917 ad
553 2863 685 2928 eundem,
700 2864 897 2918 Schneiderum
914 2863 1097 2927 exscribente,
1112 2881 1175 2916 cum

210 2957 346 3011 Loheclsio
356 2957 391 3010 ad
399 2957 593 3030 Phrynichum,
604 2977 630 3030 p.
641 2957 702 3030 673,
714 2958 843 3021 sormam,
854 2957 919 3010 eliso
930 2957 1018 3028 primo
1029 2977 1051 3020 c,
1062 2955 1175 3029 probam

211 3060 239 3102 et
256 3050 413 3122 probatam,
433 3052 562 3104 intactam
576 3050 781 3122 relinquendam
797 3048 940 3103 credimus.
954 3050 1010 3101 Nec
1024 3049 1114 3101 invitis
1132 3067 1176 3102 co·
1205 3047 1210 3058 '

212 3139 319 3195 dicihus
330 3141 513 3194 emendandos
527 3153 655 3215 putamus
670 3142 743 3195 locos
752 3142 930 3211 Tragicorum
943 3139 1057 3204 similes,
1067 3139 1102 3192 de
1115 3141 1176 3212 qui·

211 3231 263 3285 hus
277 3230 322 3284 adi
334 3230 449 3285 Erfurdt
461 3232 496 3285 ad
507 3233 589 3304 Soph.
600 3234 671 3286 OEd.
685 3235 763 3303 Tyn,
780 3251 803 3284 v.
818 3251 867 3303 79,
883 3230 925 3283 ed.
938 3231 1003 3284 min.
1017 3241 1045 3283 et
1060 3231 1177 3286 Doeder-

212 3325 265 3376 lein
280 3321 315 3376 ad
330 3323 412 3397 Soph.
427 3322 499 3376 OEd.
514 3323 586 3388 Col,
601 3343 624 3376 v.
641 3325 683 3376 30.
694 3322 749 3376 Csr.
766 3333 904 3394 praeterea
913 3339 958 3375 eos
968 3322 1015 3392 qui
1030 3321 1176 3378 laudantur

212 3416 241 3467 iu
254 3415 395 3468 Thesauro
409 3415 552 3487 Stephani,
564 3414 606 3468 ed.
619 3416 695 3486 Angl.
708 3415 760 3468 col.
771 3418 847 3479 4614.
866 3462 869 3467 .

247 3500 435 3576 licitantes]
449 3509 490 3558 Ita
500 3516 527 3559 et
535 3505 576 3558 ed.
588 3509 664 3560 Rom.
674 3517 702 3560 et
711 3506 934 3580 supplementum
943 3507 1053 3559 seorsim
1064 3494 1174 3561 editum.

212 3593 359 3652 Ἑπίκαυπον
379 3615 527 3668 nusquam,
548 3616 582 3651 ne
600 3599 673 3671 apud
693 3599 846 3670 Ciampium
862 3597 986 3668 quidem,
1001 3599 1106 3669 legitur.
1123 3601 1175 3655 Sed

213 3709 263 3762 pro
278 3692 306 3743 τὸ
323 3688 353 3742 di
371 3697 442 3761 σῶμα
456 3690 549 3763 Suppl.
570 3691 639 3745 male
653 3690 735 3744 habet
747 3688 804 3742 rarle
821 3712 843 3743 c.

248 3784 437 3856 Χρώζισθαι]
466 3782 629 3838 Coniectura
649 3785 781 3838 Courierii
806 3785 988 3857 ἐπιχρώζισθαι,
1005 3801 1086 3856 quam
1106 3783 1175 3837 hene

215 3878 365 3929 reiecerunt
385 3877 546 3929 Chardonus
561 3895 576 3928 a
590 3877 735 3940 Rochetta,
745 3876 869 3940 Miscell,
886 3888 903 3929 t.
918 3880 955 3940 II,
968 3896 993 3948 p.
1011 3896 1058 3946 ¹⁰7
1074 3887 1099 3928 ct
1117 3881 1173 3943 108,
