2768 4874
243 667 307 757 ¹74
583 655 854 724 AUCTARIUM

237 811 264 852 et
277 800 439 862 Passowius,
450 798 467 849 l.
478 798 505 861 l.,
518 799 545 849 in
556 794 826 866 Suppl.,'typothetae
835 791 1005 861 negligentia,
1015 808 1029 843 e
1038 791 1160 860 margine
1174 792 1207 843 in

237 902 393 944 contextum
409 891 560 960 irrepserat.

272 983 329 1034 Kal
357 985 401 1034 ὅτι
425 983 462 1052 μὴ
491 979 656 1051 πρότερον]
684 981 715 1029 In
745 972 795 1029 hac‘
819 978 974 1029 coniectura
1003 975 1131 1028 Chardon
1160 994 1205 1028 ae·

239 1077 361 1148 quiescit.

273 1161 294 1220 a
309 1165 566 1239 capillaciorum]
583 1166 738 1242 Lectionem
751 1165 927 1225 ααθυπέπιπτι,
940 1180 1010 1232 quae
1019 1162 1205 1215 Eiohstaedtio

240 1271 379 1333 tantopere
397 1261 537 1322 arriserat,
554 1260 582 1310 in
601 1257 694 1310 codice
710 1273 766 1308 nou
781 1265 886 1308 exstare
901 1255 1016 1309 Courier
1034 1253 1152 1307 affirmat
1175 1256 1204 1306 in

239 1354 361 1425 Epistola
369 1351 541 1405 circulatoria
553 1350 588 1403 de
600 1351 714 1423 Ciampii
725 1350 804 1402 variis
819 1348 994 1413 lectionibus,
1010 1367 1036 1420 p.
1049 1351 1107 1412 161,
1120 1365 1206 1419 quam

241 1447 369 1513 integram
385 1442 477 1495 recudi
493 1442 566 1494 iussi.

276 1539 305 1589 P.
323 1537 362 1589 15.
376 1535 431 1596 Τὰς
454 1530 541 1607 αἶγας
561 1533 743 1603 ἐπισκόπει]
769 1533 949 1586 Coniecturae
966 1533 1101 1586 Courierii
1119 1527 1209 1604 αἶγας,

242 1627 424 1681 Eichstaedtio
439 1626 584 1700 probatae,
602 1626 674 1679 Beck
688 1637 716 1679 et
734 1624 863 1679 Chardon
886 1625 912 1679 la
925 1625 1056 1679 Roehette
1072 1625 1211 1694 vulgatam

243 1722 347 1792 ὰγιλας,
362 1730 393 1771 ut
405 1730 484 1771 autea
495 1736 606 1790 quoque
626 1717 643 1771 l.
656 1721 683 1783 1,
695 1737 718 1771 o.
735 1737 781 1783 ro,
795 1736 821 1789 p.
840 1736 880 1782 11,
897 1717 1061 1790 praeferunt.
1072 1747 1106 1757 -
1119 1720 1212 1770 Locus

211 1878 215 1885 .
243 1811 414 1883 Alciphronis
424 1812 450 1862 in
465 1821 529 1863 nota
541 1811 556 1862 3
571 1809 695 1864 laudatus
707 1810 827 1863 occurrit
841 1809 857 1861 l.
871 1813 920 1874 111,
930 1828 971 1882 ep.
985 1828 1025 1874 12,
1041 1812 1115 1875 tII,
1127 1828 1154 1881 p.
1167 1811 1212 1874 50,

243 1903 285 1956 ed.
299 1905 429 1971 Wagner.

279 1999 445 2068 Λοοόμινσν
468 1991 552 2066 elale]
566 1997 688 2056 Italrene
705 1997 785 2049 etiarn
797 1971 1029 2068 supplementum.
1044 1998 1173 2051 Passowii
1183 2010 1213 2050 et

245 2088 398 2140 Blaesianae
411 2086 548 2154 λουούμινον
563 2102 640 2136 error
652 2094 692 2134 est
705 2084 923 2155 typographicae.

278 2181 306 2230 P.
321 2182 360 2230 16.
376 2170 417 2242 ily
424 2197 434 2247 ρ
442 2177 470 2228 ία
479 2178 510 2228 τὸ
527 2176 708 2246 πρόσωπον]
718 2179 758 2229 lu
769 2187 796 2228 et
807 2177 900 2249 Suppl.
912 2179 1002 2230 Altera
1012 2178 1091 2232 lectio
1104 2181 1214 2249 ὠχριᾶτο

242 2272 368 2343 πρόσωπον
390 2287 525 2340 nusquam
539 2278 625 2321 exstat
646 2269 698 2320 nisi
720 2268 793 2340 apud
818 2271 985 2342 Ciampium,
1005 2273 1083 2324 euius
1097 2271 1214 2343 quidem
1304 2307 1307 2317 .

244 2363 359 2414 Courier
375 2361 402 2411 in
417 2359 538 2431 Epistola
554 2359 657 2412 nullam
674 2358 738 2413 fecit
756 2362 930 2416 mentionem.
947 2363 1103 2416 Eichstaedt
1117 2363 1216 2417 laudat

243 2457 369 2516 Homer,
390 2452 442 2505 Od.
456 2455 509 2516 XI,
528 2471 552 2504 ν.
574 2440 623 2504 5'28
637 2471 643 2504 :
658 2456 706 2506 οὔτ’
727 2454 869 2525 ὠχρήσαντα
883 2457 946 2526 χροά
964 2456 1092 2527 κάλλιμον,
1112 2468 1142 2511 et
1155 2459 1216 2530 epi·

245 2563 364 2616 gramma
379 2544 517 2615 quoddam
532 2546 729 2617 :aaroyprloaaa
742 2548 851 2617 παριιᾴς.

280 2637 341 2689 Καὶ
359 2635 477 2688 τοιοίδε
498 2638 603 2708 λόγοι]
627 2638 676 2690 Καὶ
689 2638 765 2692 abest
780 2641 807 2691 in
822 2641 916 2712 Suppl.
928 2643 993 2695 vitio
1008 2643 1173 2715 typothetae.

586 2777 651 2841 ¹au
670 2779 779 2824 onear
800 2777 841 2824 ιι.

279 2889 377 2935 Λυποῦ
383 2901 447 2954 μαι.
466 2922 471 2932 .
491 2921 496 2931 .
512 2884 583 2952 μοι]
592 2884 665 2935 Haec
679 2884 760 2938 verba
774 2890 935 2960 typographi
949 2890 1109 2960 negligentia
1119 2911 1134 2945 e
1145 2894 1216 2965 Sup-

243 2977 379 3048 plemento
390 2974 551 3029 exciderant.
566 2977 618 3028 Pro
631 2974 720 3034 rideri
731 2980 810 3042 νόσος,
821 2981 903 3034 modo
912 2983 1108 3054 praecedente,
1124 2986 1214 3038 Char.

244 3068 300 3121 don
310 3069 424 3121 coniecit
434 3069 468 3127 τίς
484 3066 510 3118 cl.
521 3069 578 3130 aa,
590 3069 666 3139 quod
679 3069 753 3122 haud
767 3074 963 3144 necessarium.

279 3163 308 3213 P.
332 3181 371 3231 17.
396 3161 486 3212 Πόσοι
505 3160 611 3231 βάτοι]
631 3165 672 3215 Ita
691 3173 718 3214 et
739 3164 780 3215 ed.
800 3165 920 3219 Romana
940 3178 966 3219 et
985 3169 1213 3240 supplementum

245 3252 345 3321 legunt.
374 3252 430 3305 0b'
446 3253 520 3305 hunc
543 3272 704 3306 consensum
732 3257 760 3307 in
787 3257 860 3309 πόσαι
883 3259 1066 3314 dubitavimus
1093 3273 1213 3316 mutare.

206 3388 209 3394 ,
245 3345 372 3396 Occurrit
389 3345 499 3414 quidem
518 3346 588 3409 βάτος
604 3365 662 3416 gen.
678 3367 758 3401 masc.
779 3351 853 3422 apud
873 3352 967 3423 Polyb.
983 3355 1023 3418 11,
1039 3372 1062 3407 c.
1081 3373 1131 3426 71,
1148 3361 1163 3425 §
1184 3377 1214 3422 1,

202 3456 204 3460 ³
245 3447 264 3488 t.
279 3439 306 3500 1,
316 3453 342 3506 p.
355 3437 420 3503 339,
431 3437 473 3490 ed.
483 3439 633 3491 Tauehnitz
644 3459 650 3492 :
662 3440 763 3501 ἀιιοίνθας
772 3441 813 3493 καὶ
819 3442 905 3506 βάτους
915 3449 1015 3512 συνεχεῖς
1025 3449 1213 3519 ἐπιπεφυκότα.

245 3525 323 3599 Apud
339 3529 413 3579 LXX
431 3531 549 3602 Interpp.
568 3531 679 3600 legimus
697 3533 782 3586 Exod.
799 3536 829 3599 3,
849 3556 862 3587 ο
881 3537 943 3607 ὤφθη
959 3536 991 3589 di
1001 3543 1066 3610 αὐτῷ
1080 3569 1117 3578 -
1129 3543 1155 3592 ἐκ
1170 3551 1215 3596 τοῦ

244 3619 335 3684 βοίτου·
352 3618 393 3669 καὶ
413 3622 457 3688 ὁρᾷ
473 3622 509 3672 ὅτι
528 3626 539 3674 ὁ
559 3624 630 3686 βάτος
647 3627 742 3678 καίεται
760 3628 832 3698 πυρί·
849 3632 860 3681 ὁ
882 3628 911 3680 dl
927 3630 998 3694 βάτος
1008 3620 1040 3684 σύ
1056 3633 1213 3686 κατεκαίετο.

245 3731 268 3763 v.
284 3714 313 3775 3,
326 3712 361 3762 ’ότι
376 3712 401 3761 οὺ
413 3715 571 3765 κατακαίιται
587 3719 597 3767 ὁ
613 3718 692 3780 βάτος.
711 3737 734 3771 v.
751 3729 779 3784 4,
795 3724 821 3773 εἰι
832 3729 872 3774 τοῦ
887 3722 975 3786 βοίτου,
990 3724 1170 3798 similiterque
1183 3729 1213 3780 in

245 3805 278 3855 N.
298 3805 368 3855 Test.
378 3843 385 3867 ,
397 3803 471 3873 apud
484 3806 580 3869 Maro,
594 3825 637 3871 ιο,
654 3812 685 3860 ο6
704 3810 745 3863 ed.
766 3812 928 3878 Griesbach,
942 3813 980 3866 ἐπὶ
997 3823 1037 3869 τοῦ
1052 3817 1142 3880 βάτου,
1160 3819 1215 3874 ubi

247 3896 320 3948 locus
335 3895 421 3948 Exodi
437 3896 569 3950 laudatur.
592 3899 646 3952 cfr.
664 3903 760 3964 Wahl,
778 3904 864 3957 Clavis
874 3909 906 3959 N.
922 3909 953 3959 T.
970 3926 991 3960 s.
1009 3928 1030 3960 v.
1050 3911 1216 3966 Eustathius
