2768 4874
459 691 620 773 ησσον
646 708 901 774 ΤΕΤΑΡΤΟΣ.
961 705 965 709 ’
1096 731 1157 802 117

206 902 286 944 κειτο
301 865 344 968 (¹)
363 882 431 953 ταῖς
455 879 578 967 μηλέαις
603 876 653 942 καὶ
670 882 735 953 ταῖς
756 877 877 968 ὅχνοιις,
890 871 1090 970 περκαΖουσα,
1109 905 1161 945 κα-

206 1026 298 1118 θάπερ
325 1024 393 1118 περὶ
416 1035 470 1092 τοῦ
493 1035 609 1118 καρποῦ
634 1030 739 1103 αὐταῖς
765 1051 887 1118 προσερι
904 1052 990 1095 ουσα.
1018 1033 1162 1116 Τοσαῦτα

205 1173 312 1261 ἥμερα.
331 1149 418 1233 ΙῘΙσαν
441 1158 545 1233 δὲκαὶ
563 1167 765 1260 κυπάριττοι,
787 1168 837 1235 καὶ
856 1160 988 1260 δάφναι,
1011 1169 1062 1235 καὶ
1084 1170 1162 1237 πλά-

206 1291 310 1401 τανοι,
326 1316 376 1383 καὶ
394 1316 493 1394 πίτυς.
512 1316 643 1394 Ταύταις
661 1315 772 1395 πάσαις
788 1316 854 1383 άντὶ
872 1326 928 1396 τῆς
946 1318 1085 1409 ἀμπέλου
1103 1345 1165 1386 κιτ-

207 1455 258 1541 τὸς
277 1467 424 1536 ἐπέκειτο·
444 1464 523 1531 καὶὸ
541 1460 690 1556 κόρυμίος
709 1467 799 1551 αὐτοῦ
815 1468 908 1559 μέγας
926 1465 1038 1554 ώνκαὶ
1063 1472 1163 1557 μελαι·

207 1613 344 1703 νόμενος,
362 1591 471 1705 βότρυν
490 1615 636 1704 ἐμιμεῖτο.
650 1595 748 1679 Ϊίνδον
762 1611 801 1702 ,ἦν
819 1610 860 1678 τὰ
875 1615 1053 1706 καρποφόρα
1070 1612 1161 1705 φυτὰ,

208 1763 341 1854 καθάπερ
366 1764 578 1855 φρουρούμενα·
591 1756 710 1859 ιἔξωθεν
737 1766 934 1855 περιειστήκει
961 1761 1001 1828 τὰ
1019 1732 1163 1856 άκαρπα,

209 1911 342 2006 καθάπερ
363 1914 482 2006 θριχγὸς
500 1914 721 2005 χειροποίητος·
740 1913 792 1979 καὶ
809 1924 909 1982 ταῦτα
927 1918 1031 2005 μέντοι
1050 1921 1166 1993 λεπτῆς

208 2064 352 2153 ἀἱμασιάς
373 2061 497 2153 περιέθει
520 2055 688 2152 περίὸολος.
707 2064 850 2151 Τέτμητο
867 2061 917 2126 καὶ
936 2053 1108 2153 διακέκριτο
1124 2049 1167 2153 (²)

211 2209 322 2295 πάντα,
342 2208 394 2275 καὶ
416 2210 560 2299 στέλεχος
584 2199 744 2298 στελέχους
765 2209 945 2299 ἀφειστήκει.
966 2198 1008 2276 Εν
1027 2212 1166 2300 μετεώρῳ

211 2351 246 2426 δὲ
264 2361 292 2425 οἱ
314 2350 424 2425 κλάδοι
441 2359 623 2425 συνέπιπτον
647 2357 813 2443 αλλήλοις,
832 2357 882 2425 καὶ
900 2361 1093 2432 έπηλλαττον
1112 2358 1166 2437 τὰς

151 2511 153 2515 ⁴
212 2507 325 2599 κώμας·
341 2498 438 2574 ε’δόκει
454 2509 554 2598 μέντοι
569 2506 621 2572 καὶ
633 2513 652 2581 η
666 2507 783 2573 τούτων
804 2509 889 2596 φάσις
907 2503 981 2573 εἶναι
1001 2509 1091 2599 τέχνη
1110 2494 1165 2600 (³).

214 2636 299 2722 ίίσαν
320 2655 371 2721 καὶ
389 2655 486 2751 άνθῶν
503 2655 648 2747 πρασιαὶ,
667 2653 707 2720 ὧν
727 2653 768 2720 τὰ
785 2657 838 2746 μὲν
854 2657 952 2748 ἔφερεν
968 2662 987 2730 η
1003 2667 1054 2750 γῆ,
1075 2655 1116 2722 τά
1135 2647 1170 2722 δὲ
1186 2663 1222 2702 ¹⁴³

217 2801 307 2886 ἐποίει
322 2805 430 2904 τέχνη·
450 2794 597 2894 ῥοδωνιὰ,
615 2777 810 2872 καὶάὺάκινθοι
824 2791 879 2898 (⁴),
896 2806 947 2873 καὶ
962 2805 1059 2899 κρίνα,
1077 2806 1171 2898 χειρὸς

218 2953 307 3045 ἔργα·
335 2947 454 3037 ἰωνιδις,
476 2951 526 3018 καὶ
550 2952 746 3047 ναρκίσσους,
769 2953 820 3020 καὶ
846 2945 1049 3047 άναγαλλίδας
1076 2954 1172 3045 έφερεν

219 3106 237 3172 ἡ
256 3125 306 3191 γη
328 3099 402 3165 Σκιά
418 3126 452 3165 τε
475 3099 510 3174 ἦν
530 3102 648 3194 θέρους,
673 3081 723 3168 καὶ
746 3099 817 3195 ἦρος
836 3099 930 3185 άνθη,
951 3099 1002 3166 καὶ
1023 3086 1064 3192 (⁵)
1089 3125 1174 3191 μετο-

220 3250 319 3342 πώρου
340 3251 460 3342 ὀπώρα,
478 3248 528 3315 καὶ
548 3247 629 3317 κατὰ
644 3255 743 3316 πάσαν
763 3254 840 3342 ώραν
860 3251 968 3341 τροφή.

257 3478 295 3544 (1)
313 3468 435 3528 Ῑδπέκιιτο.
449 3476 571 3545 Γραπτέον
586 3473 665 3528 δοκεῖ.
682 3476 723 3528 καὶ
738 3478 842 3528 ἐπέκειτο
859 3475 939 3546 βότρυς
951 3478 1003 3534 ταῖς
1017 3483 1072 3546 μηλ.

257 3571 295 3635 (2)
313 3570 459 3638 Διακέκφιτο,
474 3575 500 3618 Β.

258 3661 296 3729 (3)
313 3663 415 3727 Tim&
435 3668 461 3724 B,
475 3662 566 3726 τέχνης.

259 3757 297 3823 (4)
315 3746 429 3818 Ῠάκινέοι,
443 3761 470 3805 B.

260 3849 299 3917 (5)
317 3848 366 3900 Καὶ
381 3869 433 3918 μετ.
455 3851 475 3900 ὂ.
496 3868 519 3899 κ.
535 3867 558 3899 κ.
580 3867 606 3898 π,
625 3847 652 3899 ώ.
669 3847 751 3918 τρυφή.
771 3855 797 3911 B,
816 3847 857 3899 καὶ
873 3847 1010 3917 μετοπώρου
1029 3844 1118 3914 τρυφὴ,
1137 3843 1180 3895 καὶ

225 3940 375 3993 κατὰπάσαν
391 3942 454 4011 ὤραν
469 3940 561 4010 ὀπώρα.
