2768 4874
399 688 559 757 ΛΟΓΟΣ
598 689 786 756 ΤΡΙΤΟΣ.
1007 696 1071 780 107

113 862 300 952 κατέφαγον,
318 861 415 952 ἡμέρᾳ
430 863 482 951 μὲν
504 859 598 953 ἐκείνῃ
625 858 741 952 μακρὰν
764 862 820 938 της
835 869 899 953 γῆς
922 861 1095 952 ὑπηνέχθη

112 1012 275 1100 πνεύματι·
302 1010 409 1087 νυκτὸς
436 1000 492 1092 δὲ,
517 1008 660 1103 πελαγίου
680 1003 867 1104 ταράξαντος
880 1009 999 1102 ’άνέμου
1018 1013 1073 1085 τὸν

113 1156 286 1240 θάλατταν,
315 1155 354 1234 εἰς
381 1161 437 1232 τὴν
457 1165 532 1248 γῆν,
560 1157 599 1235 εἰς
626 1156 681 1236 τὰς
705 1167 761 1235 τῆς
782 1146 825 1250 (¹)
845 1154 938 1252 άκρας
961 1162 1073 1253 πέτρας

112 1301 285 1400 ἐξεόράσθη.
310 1309 395 1380 Αὐτὴ
419 1309 472 1398 μὲν
501 1302 550 1372 οὖν
578 1296 739 1399 διεφθάρη,
764 1306 815 1373 καὶ
842 1304 943 1374 πολλὰ
963 1317 1032 1397 τῶν,
1045 1312 1074 1376 ἐν

114 1458 205 1548 αὐτῇ·
235 1454 398 1541 βαλάντιον
418 1447 452 1521 δὲ
471 1453 643 1547 τρισχιλίων
665 1447 811 1549 δραχμῶν
830 1455 891 1522 ὑπὸ
908 1467 961 1524 τοῦ
983 1460 1077 1549 κόμα·

113 1632 166 1684 τος
184 1606 379 1691 άπεπτόσθη,
397 1604 448 1672 καὶ
462 1614 559 1692 κεῖται
574 1605 687 1699 φυκίοις
706 1609 930 1700 κεκαλυμμένον
947 1607 1074 1681 πλησίον

114 1747 249 1846 δελφῖνος
275 1764 393 1849 νεκροῦ,
417 1746 511 1825 δι’,ὃν
526 1740 565 1846 (²)
590 1747 687 1833 οὐδεὶς
715 1737 786 1823 οὐδὲ
810 1757 977 1850 προσῆλθεν
997 1749 1076 1825 ὀδυι·

112 1904 221 1998 πόρος,
246 1905 282 1972 τὸ
310 1896 446 1982 δυσῶδες
471 1915 527 1993 τῇς
554 1897 720 1983 σηπεδόνος
746 1907 957 1998 παρατρέχων.
985 1895 1075 1974 Ᾰλλά

114 2056 149 2120 σὺ
177 2055 344 2147 πρόσελθε,
377 2053 428 2121 καὶ
461 2056 632 2148 προσελθὼν
665 2055 786 2138 άνελοῶ,
819 2054 870 2121 καὶ
901 2054 1075 2147 ἀνελόμενος
1107 2120 1109 2122 ,

114 2195 168 2283 δός
186 2190 240 2298 (³).
262 2192 367 2271 Ῑκανόν
385 2230 433 2270 σοι
451 2196 538 2280 δόξαι
555 2214 606 2270 νῦν
624 2208 664 2296 μὴ
683 2207 807 2278 πένητι·
826 2204 925 2298 χρόνῳ
942 2197 977 2271 δὲ
992 2209 1075 2272 ὅστεΙ
1089 2213 1125 2252 ¹³¹

115 2381 164 2447 ρον
180 2356 232 2449 έσιρ
250 2355 300 2422 καὶ
316 2357 489 2432 πλούσιος.»

169 2507 220 2574 28.
251 2505 291 2571 Αἱ
319 2506 371 2597 μὲν
400 2513 501 2572 ταῦτα
520 2504 671 2590 εἰποῦσαι,
699 2513 738 2599 τῇ
763 2503 848 2571 νυκτὶ
873 2504 1073 2578 συναπῆλθον.

115 2658 276 2747 Γενομένης
305 2646 340 2720 δὲ
357 2657 479 2748 ’ἡμέρας
503 2646 701 2732 ἀναπηδήσας
723 2659 739 2721 ὁ
761 2654 870 2748 Δάφνις
898 2659 1074 2749 περιχαρὴς,
1253 2691 1256 2695 -

114 2805 221 2894 ἤλαυνε
247 2798 333 2898 ῥοίζῳ
356 2811 462 2892 πολλῷ
482 2802 540 2884 τὰς
561 2801 648 2900 αἶγας
667 2805 707 2884 εἰς
732 2809 788 2882 τήν
809 2809 920 2899 νομόν·
948 2805 999 2871 καὶ
1019 2809 1075 2879 τὴν
1171 2763 1173 2768 Ι

114 2956 218 3030 Χλόην
235 2959 383 3047 φιλήσας,
398 2951 448 3022 καί
465 2952 522 3034 τὰς
540 2956 671 3048 Νύμφας
687 2960 912 3050 προσκυνήσας,
928 2955 1076 3030 κατῆλθεν

115 3105 164 3171 ἐπὶ
181 3104 346 3189 θάλασσαν,
363 3111 402 3184 ὡς
420 3105 651 3199 περιρῥάνασθαι
670 3105 841 3172 θέλων-’καὶ
856 3104 906 3171 ἐπὶ
919 3114 974 3181 τῆς
994 3102 1076 3198 ψάμ-

116 3279 190 3346 μου,
217 3251 343 3334 πλησίον
371 3263 426 3332 τῆς
448 3264 632 3348 κυματωγῆς
659 3240 719 3347 (⁴),
748 3244 867 3331 ἐόάδιζε
896 3246 993 3332 ζητῶν
1021 3253 1076 3335 τὰς

115 3402 296 3496 τρισχιλίας.
327 3387 444 3493 Ϊίμελλε
467 3395 501 3470 δὲ
525 3402 584 3498 άρα
608 3408 641 3472 οὐ
667 3403 759 3470 πολὺν
783 3402 925 3494 κάματον
948 3398 1077 3482 έΕειν·ὁ

211 3735 246 3778 Δι’
258 3729 290 3780 όν.
306 3719 344 3779 Ῐσ·
361 3723 407 3777 διό.
424 3717 499 3777 ἴδια.
515 3727 602 3789 13,στ.
617 3746 639 3778 1.

211 3821 262 3880 Δός.
273 3850 308 3859 -
318 3809 455 3890 Ᾰλκίρρων·
471 3819 492 3870 ιί
506 3818 548 3888 μὲν
562 3816 600 3872 οὖν
615 3823 699 3889 φιλεῖς,
714 3819 765 3884 δός.

167 3915 192 3979 4)
211 3919 377 3985 Κυματωχῆς,
389 3918 419 3964 Α.
432 3919 458 3975 Β,
470 3909 625 3982 κυματώδους
639 3919 690 3984 γῆς
