2768 4874
212 649 275 718 168
557 652 824 718 AUCTARlUM

205 798 1166 828 Ouunmssfflflfflmmmssssfflssfflmflfflssssss

462 931 520 993 An
543 929 704 1028 anana
728 928 909 992 ramur.

577 1090 622 1134 an
641 1089 748 1134 carm
770 1088 792 1132 l.

241 1220 269 1270 P.
291 1218 315 1270 3.
330 1209 428 1289 Opia]
449 1218 614 1289 Scripturanr
635 1216 745 1270 illorum
758 1214 968 1279 infinitivorum,
982 1217 1011 1269 in
1028 1219 1056 1286 ᾀν
1072 1234 1105 1268 cx
1117 1217 1171 1269 ciria

206 1318 416 1372 carmennum,
427 1327 476 1380 per
483 1312 510 1360 ἄν
519 1309 576 1361 sine
584 1327 591 1357 t
599 1306 760 1379 subscripto,
770 1305 843 1378 apud
852 1306 1040 1371 Villoisonum,
1049 1309 1171 1361 Animm.

207 1418 232 1471 p.
256 1418 301 1464 η,
321 1400 477 1472 probatam,
494 1400 589 1453 acerbe
600 1401 694 1463 ¹reiicit
709 1399 832 1463 ancl,
847 1410 958 1471 propter
971 1398 1109 1453 difficilem
1128 1400 1169 1452 di·

206 1494 377 1546 stinctionem
397 1495 468 1546 inter
489 1494 620 1563 genitivos
638 1492 746 1546 doricus
766 1502 792 1545 et
806 1491 952 1545 infinitivus
971 1494 1079 1557 atticos,
1098 1512 1122 1546 v.
1144 1512 1169 1546 o.

206 1591 319 1655 μιλιτᾶν,
339 1588 447 1654 βακχᾶν,
460 1591 547 1657 θηρᾶν,
569 1591 649 1656 τιμᾶν.
662 1585 807 1649 Matthiae,
828 1586 875 1638 Gr.
897 1604 936 1656 gr.
954 1587 1044 1658 ampl,
1065 1605 1091 1658 p.
1106 1587 1169 1652 351,

206 1679 249 1732 ed.
265 1699 289 1731 a.
303 1689 330 1732 et
338 1682 500 1745 Buttmann,
510 1680 557 1732 Gr.
567 1697 608 1749 gr.
618 1678 699 1750 ampl.
713 1681 763 1742 tl,
778 1696 807 1750 p.
816 1678 876 1748 507,
884 1679 934 1730 etsi
943 1679 971 1730 in
980 1680 1174 1751 inscriptiones

147 1837 155 1849 ι
206 1781 308 1824 veteres
334 1770 485 1823 accuratius
512 1770 563 1823 hac
584 1770 617 1823 da
637 1788 666 1823 re
688 1769 883 1840 inquirendum
910 1770 1051 1836 iudicent,
1080 1781 1170 1825 nmen

207 1865 235 1917 F.
249 1866 280 1916 Α.
298 1863 450 1930 waldum,
462 1865 525 1916 Litt.
546 1863 623 1917 Aual.
637 1862 701 1916 susc.
715 1866 755 1927 11,
775 1882 802 1935 p.
822 1870 882 1932 419,
895 1875 1046 1935 sequentes,
1059 1865 1095 1918 ad
1108 1867 1174 1919 scri-

206 1955 326 2027 ptionem
339 1972 388 2027 per
402 1960 431 2008 ἄν
448 1957 506 2009 sina
525 1955 692 2018 tinclinant;
706 1954 754 2007 aed
767 1973 865 2026 qutun,
881 1966 912 2008 ut
931 1956 1000 2011 bene
1022 1957 1171 2022 Thicrsclr,

207 2050 255 2103 Gr.
271 2067 310 2120 gr.
330 2050 411 2122 ampl.
432 2049 475 2104 ed.
491 2050 528 2114 3.,
545 2069 571 2122 p.
593 2036 661 2114 358',
674 2048 815 2114 observat,
834 2050 888 2103 lroc
900 2061 1054 2120 quaeratur,
1078 2061 1171 2105 utrum

208 2142 293 2196 forma
312 2142 420 2195 brevior
439 2142 566 2196 infinitivi
580 2142 661 2196 soluti
679 2161 728 2214 per
746 2173 772 2184 -
792 2162 815 2197 ss
832 2144 971 2214 antiquior
987 2160 1023 2196 au
1035 2145 1173 2198 recentior

207 2236 242 2289 sit
254 2254 336 2306 quam
354 2234 441 2289 forma
460 2237 567 2306 longior
579 2255 722 2308 per-ro,
738 2236 820 2307 idque
833 2239 869 2290 sit
890 2236 1020 2302 dubium,
1034 2237 1173 2307 vulgarem

207 2330 380 2399 scriptionem
398 2347 460 2382 cum
480 2329 618 2384 Brunckio
632 2340 660 2382 et
679 2330 739 2383 aliis
751 2331 838 2400 Longi
851 2329 1003 2383 editoribus
1018 2329 1177 2402 praeferen-

208 2420 269 2472 dam
284 2423 449 2475 censuimus.

242 2516 355 2573 Ταύτης
374 2521 425 2574 τῆς
443 2516 576 2585 triliano]
598 2516 721 2580 Courier,
741 2519 774 2568 V.
796 2534 833 2585 3.,
855 2535 881 2587 p.
906 2516 972 2584 195,
992 2515 1120 2568 emendat
1140 2533 1174 2569 ex

206 2607 325 2661 duorum
344 2607 423 2661 codd.
444 2610 588 2661 varietate:
606 2608 669 2663 aut
683 2609 773 2669 νήσους.
789 2598 855 2661 lul
872 2610 959 2668 raim<
972 2613 1017 2668 ric
1028 2608 1126 2668 colace·
1137 2640 1173 2649 -

206 2703 349 2774 repetitum
369 2700 432 2753 sart
455 2721 489 2754 ex
512 2684 660 2755 imitatione
676 2703 796 2757 Platonis
814 2701 1004 2757 deducendum
1024 2702 1174 2756 affirmans.

207 2797 349 2851 Caeterum
358 2795 459 2855 roim,
474 2796 575 2849 amisso
589 2796 629 2858 ir,
648 2812 706 2848 non
721 2805 762 2849 est
770 2796 941 2859 coniectura,
955 2794 1002 2848 sed
1015 2795 1096 2850 lectio
1109 2796 1173 2850 cod.
1264 2805 1267 2812 '

207 2891 284 2952 llrs;
298 2906 320 2940 υ.
336 2886 508 2941 Columbaru'i
521 2895 578 2940 not.
593 2904 619 2957 p.
634 2891 677 2939 σο.
1139 2891 1144 2901 “

242 2980 425 3049 Mellaria]
449 2978 559 3032 Brunclr
579 2979 727 3033 emendat:
742 2979 896 3050 mairolas
915 2980 990 3039 r'r'lo'rar
1013 2981 1173 3048 ὶκτιταμένης

207 3073 298 3143 ψάμμῳ
316 3077 442 3143 pansi,
460 3073 538 3125 cuius
553 3071 748 3126 emendationis
763 3071 883 3126 fundum
904 3091 999 3146 vocans
1013 3075 1176 3144 increpatam.

207 3162 334 3216 editionis
347 3163 472 3219 Columb.
481 3164 538 3234 ipse
552 3174 702 3235 nuncupat.

577 3298 622 3341 al)
641 3298 748 3343 carm
768 3297 792 3341 2.

242 3427 270 3478 P.
286 3433 310 3488 4.
323 3416 436 3496 Ᾰφανὴς
455 3428 589 3500 islone]
610 3426 719 3480 Brunel
739 3427 882 3480 lectionem
897 3429 1001 3500 ἐγένετο,
1016 3426 1091 3499 apud
1111 3428 1177 3481 Vil·

207 3519 301 3574 leison.
317 3517 477 3584 indicatam,
491 3520 617 3593 praefert.

241 3613 277 3663 Τὸ
293 3610 421 3682 βρέφος]
436 3615 632 3667 Brunclsvoces
642 3593 890 3683 hasinutilessquas
900 3612 1036 3667 Larclrcro
1044 3624 1177 3685 acceptas

207 3706 298 3759 retulit
311 3706 460 3771 Villoison,
473 3706 613 3761 codicibus
631 3706 820 3779 obtemperans
836 3708 944 3759 exulare
959 3706 1041 3759 iubet.
1056 3709 1088 3759 In
1102 3708 1173 3759 scri·

207 3800 298 3869 ptione
317 3817 413 3852 vocum
431 3800 458 3851 τὸ
475 3798 504 3850 di
516 3799 661 3853 editionem
675 3803 824 3853 Romanam
838 3800 955 3871 pressius
971 3817 1030 3851 sum
1051 3810 1173 3852 secutus.

207 3890 259 3943 Sed
274 3892 334 3946 ideo
350 3891 493 3947 manifesto
514 3893 541 3943 in
556 3902 620 3946 nota
638 3911 652 3942 a
671 3891 712 3944 bis
726 3892 869 3962 legendum
883 3910 889 3944 :
903 3893 930 3944 τὸ
947 3890 991 3953 δὲ,
1007 3902 1038 3944 ut
1059 3892 1086 3944 in
1101 3910 1175 3944 con.-
