2768 4874
425 652 607 719 ΛΟΓΟΣ.
626 651 816 717 ΤΡΙΤΟΣ.
1062 667 1106 737 97

150 820 215 889 οἵαν
242 823 279 886 οὐ
304 811 547 913 προσεδόκησεν,
578 821 690 913 ἤρχετο
720 812 869 889 παιδείαν
899 821 950 886 τὸν
978 817 1109 912 Δάφνιν,

151 978 257 1035 τοῦτον
283 968 336 1035 τὸν
367 969 490 1063 τρόπον.
520 959 687 1037 Εκιλευσεν
705 971 813 1073 αὐτὸν·
838 968 957 1037 καθίσαι
983 967 1109 1042 πλησίον

151 1122 241 1197 αὐτῆς
267 1125 307 1198 ὡς
333 1121 394 1209 ἔχει
409 1107 465 1208 (¹),
491 1119 542 1186 καὶ
569 1074 728 1212 φιλήματα
753 1126 846 1212 φιλεῖν
871 1116 920 1187 οία
944 1119 1036 1186 εἰώθει
1059 1118 1112 1185 καὶ

102 1296 110 1316 ·
151 1271 220 1354 ὅσα,
232 1269 286 1336 καὶ
304 1275 448 1360 φιλοῦντα
469 1269 535 1361 ἅμα
552 1264 742 1363 περιώαλλειν
753 1256 793 1361 (²)
811 1269 864 1337 καὶ
880 1267 1112 1336 κατακλίνεσθαι

149 1415 258 1509 χαμαί.
279 1400 326 1494 Ως
346 1408 380 1484 δὲ
398 1417 553 1502 ἐκαθέσθη,
571 1417 623 1484 καὶ
640 1416 774 1509 ἐφίλησε,
792 1417 845 1485 καὶ
862 1417 1037 1502 κατεκλίθη,
1057 1443 1113 1509 μα-

152 1568 246 1634 θοῦσα
267 1571 389 1661 ἐνεργεῖν
408 1560 572 1661 δυνάμενον
598 1567 650 1635 καὶ
676 1577 872 1663 σφριγῶντα,
899 1568 960 1636 α’πδ
979 1570 1033 1660 μὲν
1059 1577 1113 1646 τῆς

152 1716 203 1785 ἐπὶ
223 1715 353 1811 πλευρὰν
375 1717 578 1797 κατακλίσεως
605 1718 780 1791 ἀνίστησιν·
800 1723 895 1794 αὑτὴν
921 1709 957 1785 δέ
980 1723 1114 1785 ὑποστο-

153 1870 265 1959 ρέσασα
280 1871 446 1961 ἐντέχνως,
464 1873 493 1948 ἐς
512 1873 568 1945 τὴν
592 1872 668 1948 τέως
686 1862 867 1960 ζητουμένην
883 1859 958 1944 4ὁδὸν
978 1866 1052 1961 ἦγε·
1077 1868 1114 1933 τὸ

153 2008 188 2083 δὲ
214 2018 343 2086 ἐντεῦθεν
356 2072 358 2076 .
372 2009 460 2084 οὐδὲν
485 2009 706 2111 περιηργάζετο
728 2002 771 2110 (³)
792 2009 881 2093 ξένον·
911 2020 988 2091 αῦτη
1015 2013 1073 2109 γὰρ
1095 2022 1114 2088 ἡ

152 2170 238 2258 φύσις
254 2166 361 2235 λοιπὸν
379 2157 539 2234 ἐπαίδευσε
552 2153 595 2258 (⁴)
611 2166 648 2234 τὸ
663 2168 823 2258 πρακτέον.
1132 2185 1170 2224 ιιι

212 2417 261 2480 19.
298 2389 492 2469 Τελεσθείσης
521 2381 556 2456 δὲ
586 2399 642 2468 τῆς
671 2393 812 2482 ἐρωτικῆς
839 2379 1076 2483 παιδαγωγίας,
1101 2394 1117 2454 ὁ

155 2543 208 2635 μέν
227 2541 336 2635 Δάφνις
361 2543 408 2611 ἐτι
436 2545 609 2635 ποιμενικὴν
635 2543 757 2634 γνώμην
777 2540 853 2633 ἔχων
871 2528 922 2627 (⁶),
942 2544 1062 2633 ὥρμησε
1080 2526 1120 2627 (⁶)

154 2695 267 2787 τρέχειν
292 2693 342 2761 ἐπὶ
368 2698 424 2769 τὴν
450 2693 574 2781 Χλόην,
603 2691 654 2758 καὶ
681 2695 738 2759 ὅσα
755 2683 942 2760 πεπαίδευτο
966 2679 1016 2777 (⁷),
1043 2683 1118 2785 δρᾷν

155 2811 277 2930 αὐτίκα,
295 2842 429 2938 καθάπερ
449 2834 593 2921 δεδοικὼς
609 2847 649 2934 μὴ
672 2832 825 2934 βραδύνας
841 2841 1031 2910 ἐπιλάθοιτο·
1049 2847 1068 2915 η
1085 2831 1119 2905 δὲ

155 2991 311 3061 Λυκαίνιον
322 3002 521 3084 κατασχοῦσα
536 2991 641 3074 αὐτὸν,
658 2983 753 3066 ἔλεξεν
771 2981 848 3057 ὧδε·
866 3017 879 3042 ε
890 2971 1007 3057 Ιῖτικαὶ
1021 2987 1120 3055 ταῦτά

193 3291 232 3358 (1)
250 3279 281 3349 ίὶς
295 3290 353 3355 ίχιι.
363 3281 448 3361 ἤγουν·
461 3291 531 3354 εὐθὺς,
543 3291 637 3343 αὐτίκα.

192 3385 230 3447 (ι)
248 3380 298 3434 Καὶ
308 3401 335 3452 φ,
345 3383 370 3434 ά.
389 3379 547 3453 πιρώσλλιιν,
559 3389 589 3435 Δ.
605 3390 631 3445 Β,
649 3380 691 3434 καὶ
710 3381 755 3432 ὅσα
771 3385 884 3448 φιλοῦντα
895 3379 948 3448 τίμα
958 3376 1117 3449 πιριώαλλειν.

156 3466 228 3534 ἴσως·
247 3472 288 3525 καί
300 3474 344 3525 ὅσα
354 3475 395 3532 τὴν
408 3475 493 3536 Χλόην,
507 3472 549 3527 καὶ
563 3481 613 3542 φιλ.
630 3475 692 3544 ἅμα,
703 3492 725 3524 κ.
741 3492 764 3523 τ.
781 3473 801 3533 ί,

193 3567 218 3632 (3
248 3566 437 3639 Περιιιργάζιτο,
451 3574 477 3617 Β.
494 3573 522 3629 Α,
537 3567 713 3639 περιιργάζετο.

249 3649 390 3722 Βπαίδιυάι,
400 3664 430 3711 Δ.
443 3666 470 3721 Β,
482 3655 601 3712 ἐπαίδευε,

193 3751 230 3818 (5)
249 3751 344 3822 Γνώμην
357 3753 426 3818 ἔχων,
437 3758 484 3803 ΑΒ.

193 3845 231 3910 (6)
249 3833 353 3914 ὅρμησε,
367 3850 392 3894 Β.
407 3849 435 3905 λ,
452 3844 556 3913 ὥρμητο.

194 3937 232 4004 (7)
250 3933 408 3996 Πιπαίδιυτο,
423 3940 469 3986 ΑΒ.
