2768 4874
348 615 504 683 ΛΟΓΟΣ
533 616 800 681 ΤΕΤΑΡΤΟΣ.
1005 609 1068 682 133

111 787 184 880 ὑπὲρ
207 796 261 854 τοῦ
279 778 427 878 Δάφνιδος
456 789 579 879 ἔλεγεν·
606 776 737 863 «Οὐδεὶς
765 795 880 869 ταῦτα,
913 776 1067 869 δέσποτα,

111 937 238 1030 ε’ραστθς
253 941 513 1029 πολυπραγμονεῖ·
532 935 598 1001 ἀλλ’
614 939 643 1000 ἐν
667 935 719 1020 οἵῳ
737 921 780 1027 (1)
799 936 876 1002 ποτὲ
898 930 1069 1036 ὀινσῶματι

112 1090 181 1178 εῦρῇ
194 1085 234 1151 τό
252 1085 375 1169 κάλλος,
386 1084 508 1152 ἑάλωκε.
526 1082 585 1150 Διὰ
600 1085 753 1152 τοῦτοκαὶ
771 1094 866 1178 φυτοῦ
880 1111 926 1163 τις
942 1083 1068 1170 ἠράσθη,

112 1231 162 1300 καὶ
191 1243 351 1325 ποταμοῦ,
380 1233 431 1299 καὶ
449 1233 563 1326 θηρίου.
594 1230 706 1300 Καίτοι
732 1232 778 1311 τίς
802 1236 857 1300 οόκ
884 1229 920 1299 ὀιν
936 1237 1070 1326 ἐραστὴν

103 1383 256 1466 ,ηλίησεν,
284 1380 316 1447 ὃν
336 1373 396 1448 ἔδει
415 1377 569 1475 φοόεῖσθαι
593 1382 646 1450 τὸν
674 1385 837 1476 ὀρῶμενον;
864 1371 937 1476 Εγὼ
960 1373 995 1448 δὲ
1018 1384 1071 1447 σῶ-

110 1558 203 1623 ματος
223 1533 277 1624 μὲν
296 1536 353 1624 ἐρῶ
372 1524 496 1617 δουλου,
519 1532 649 1611 καλλους
667 1524 703 1599 δὲ
727 1532 887 1625 ελευθίρου.
904 1519 1008 1626 (δρᾷς,
1031 1538 1071 1610 ῶς

108 1682 237 1769 ὑακίνθῳ
259 1682 312 1773 μὲν
339 1686 395 1777 τὴν
423 1683 520 1774 κόμην
544 1681 647 1775 ὁμοίαν
673 1683 749 1774 ἔχει,
770 1682 928 1774 λάμπουσι
954 1671 990 1748 δὲ
1013 1682 1071 1748 ὑπὸ

110 1839 177 1909 ταῖς
199 1832 320 1923 ὀφρύσιν
342 1831 370 1898 οἱ
394 1827 563 1924 ὀφθαλμοί,
590 1831 724 1925 καθάπερ
745 1836 775 1898 ἐν
802 1841 899 1926 χρυσῇ
928 1822 1072 1922 σφενδόνη

110 1975 224 2071 ψηφίς,
242 1978 306 2046 Καὶ
328 1980 365 2046 τὸ
387 1981 440 2072 μὲν
459 1979 621 2072 πρόσωπον
640 1980 826 2074 ἐρυθήματος
844 1979 968 2070 μεστδν,
984 1980 1021 2044 τὸ
1040 1970 1074 2044 δὲ

111 2125 214 2217 στόμα
230 2132 342 2192 λευκῶν
361 2118 496 2192 ὀδόντων
515 2130 615 2217 ῶσπερ
633 2127 803 2217 ἐλέφαντος.
822 2123 878 2201 Τίς
894 2125 1000 2192 εἰιεῑθεν
1019 2119 1074 2192 υόκ

113 2270 149 2340 θεν
171 2269 290 2353 εὔξαιτο
311 2270 413 2341 λαθεῖν
441 2277 566 2368 ε’ραστης
589 2272 684 2340 λευκὰ
706 2260 748 2366 (²)
777 2279 952 2367 φιλήματα,
979 2274 1017 2342 Εἰ
1038 2266 1074 2339 δὲ

111 2427 251 2517 νέμοντος
269 2425 418 2518 ἠράσθην,
433 2425 513 2503 θεοὺς
528 2425 731 2517 ἐμιμησάμην.
752 2424 902 2504 Βουκόλος
923 2422 959 2498 ἦν
977 2415 1074 2516 Ᾰνγχί-

113 2599 180 2659 σης,
194 2574 245 2640 καὶ
256 2575 340 2665 ἔσχεν
356 2573 448 2640 αότόν
463 2563 640 2667 Ᾰφροδίτη·
658 2568 746 2666 αἶγας
761 2574 844 2664 ἔνεμε
857 2572 1007 2666 Βράγχιος
1018 2556 1073 2664 (³),
1091 2594 1129 2633 νιν

113 2723 165 2790 καὶ
182 2712 333 2791 Ᾰπόλλων
353 2723 445 2789 αότόν
467 2720 603 2813 ἐφίλησε·
624 2726 737 2814 ποιμην
756 2719 792 2795 ἦν
812 2713 1006 2814 Γανυμήδης,
1026 2717 1075 2785 καὶ

114 2874 206 2940 αὐτὸν
224 2877 241 2940 ὀ
259 2873 331 2952 Ζεὺς
347 2877 474 2966 ἥρπασε.
499 2875 553 2946 Μὴ
575 2881 809 2965 καταφρονῶμεν
832 2860 961 2952 παιδὸς,
985 2866 1008 2953 ᾧ
1026 2866 1076 2931 καὶ

115 3016 233 3114 αἶγας,
250 3029 290 3100 ῶς
316 3026 447 3115 ἐρείσας’,
470 3023 645 3117 πριθομένας
669 3011 800 3112 εἴδομεν.
827 3007 902 3084 Ᾰλλ’
922 3017 947 3083 εἰ
969 3018 1015 3082 ἔτι
1035 3000 1074 3104 (⁴)

131 3331 133 3333 ’
152 3321 189 3384 (1)
211 3310 259 3388 [ἐν
274 3318 336 3387 οἴῳ.
352 3320 473 3388 Γραπτέον
485 3317 566 3382 δοκεῖ,
583 3321 611 3373 ἐν
625 3319 637 3370 ὀ
644 3339 694 3389 τῳ.
710 3321 822 3388 2192]¹
933 3368 937 3376 ,

152 3435 190 3498 (2)
208 3431 289 3483 Δευκόι
308 3431 442 3503 φιλήματα,
462 3439 508 3485 ΑΒ.
532 3434 708 3505 Ψυχρολόγημοι
737 3437 861 3502 σοφιστοῦ,
885 3432 915 3488 ῶς
942 3430 983 3480 καὶ
1007 3436 1075 3481 τοῦτο

116 3523 227 3596 πρόσθεν·
256 3525 334 3593 στόμα
354 3526 439 3594 μιστόν
464 3530 551 3578 λευκῶν
576 3523 689 3577 ὀδόντων.
712 3516 781 3576 ἔστιν
803 3515 835 3583 οἷς
854 3525 933 3594 μέντοι
957 3525 1075 3594 γραπτέον

118 3614 198 3678 ἔδοξε·
211 3619 301 3691 γλυκία
312 3611 444 3688 φιλήματα.

154 3733 192 3800 (3)
211 3704 342 3806 Βράγχιος,
357 3741 384 3786 Β.
398 3740 427 3797 Α,
443 3733 557 3806 Βράγχος.

156 3853 193 3914 (4)
212 3850 240 3901 Εἰ
255 3850 302 3912 ότι,
312 3855 337 3899 B.
348 3855 377 3912 A,
390 3850 410 3901 εἰ
421 3848 461 3900 καί
472 3867 503 3898 τι.
514 3838 548 3898 Ῐσ·
565 3847 609 3917 εἴγ’
621 3847 662 3897 ίτι.
