2768 4874
494 648 652 713 ΛΟΓΟΣ
685 646 889 719 ΠΡΩΤΟΣ.
1116 640 1160 711 35

207 972 315 1059 μηκέτι
331 892 442 1059 μηδὲν,
461 958 583 1058 μηδὲ’
560 992 599 1044 εις
619 964 676 1043 τὰς
691 961 795 1058 αἶγας,
811 955 933 1056 μηδὲ’
910 991 948 1043 εις
966 967 1036 1043 τοὺς
1006 843 1161 1043 οιροὶλλους

207 1118 331 1212 ἀγροὺς,
364 1115 642 1210 περιεργασάμενοι,
677 1125 809 1207 κατῆγον
841 1116 930 1181 αὐτὸν
957 1116 1006 1181 ἐπὶ
1034 1102 1076 1206 (²)
1107 1120 1161 1190 τήν

206 1277 275 1334 ναῦν
297 1268 442 1333 κλαίοντα
457 1253 499 1357 (³)
520 1266 571 1333 καὶ
591 1269 794 1359 ἠπορημένον,
821 1266 871 1331 καὶ
895 1268 973 1357 μέγα
989 1266 1092 1338 Χλόην
1113 1293 1165 1332 κα-

205 1423 330 1483 λοῦντα.
358 1415 421 1483 Καὶ
443 1416 470 1483 οἱ
494 1416 564 1506 μὲν,
586 1416 622 1481 τὸ
642 1422 756 1507 πεῖσμα
781 1412 851 1507 οῖρτι
871 1415 1093 1497 ἀπολύσαντες,
1115 1414 1166 1482 καὶ

208 1558 265 1638 τὰς
296 1562 399 1636 κώπας
427 1566 493 1636 ταῖς
522 1560 621 1649 χερσὶν
650 1555 849 1650 ἐμόαλόντες,
880 1559 1029 1626 ἀπέπλεον
1062 1559 1102 1637 εἰς
1130 1560 1167 1625 τὸ
1182 1577 1206 1616 ⁴⁴

207 1710 354 1802 πελαγος·
380 1707 466 1785 Χλόη
487 1698 523 1772 δε
546 1710 716 1780 κατηλαονε
736 1710 774 1774 τὸ
792 1708 945 1799 ποίμνιον,
962 1711 1090 1802 σύριγγα
1110 1733 1171 1775 και-

208 1858 259 1933 νὴν
289 1870 333 1944 τῷ
355 1850 483 1950 Δάρνιδι
511 1851 608 1952 δῶρον
637 1846 679 1951 (⁴)
705 1854 880 1950 κομίζουσα.
910 1847 1023 1928 Ῐδοῦσα
1049 1852 1085 1925 δὲ
1114 1858 1170 1937 τὰς

210 2006 297 2103 αἶγας
328 2012 572 2102 τεταραγμένας,
604 2010 656 2075 καὶ
686 2010 842 2077 ἀκούσασα
867 2020 923 2077 τοῦ
948 2002 1097 2101 Δοίρνιδος
1127 2009 1172 2076 ἀεὶ

210 2185 258 2250 μοι
275 2184 308 2224 ον
324 2161 418 2230 αὐτὴν
435 2142 477 2246 (Ῠ)
504 2160 654 2240 βοῶντος,
668 2151 829 2247 προόοίτοιν
848 2156 899 2246 μὲν
917 2157 1038 2246 ἀμελεῖ,
1053 2157 1104 2221 καὶ
1118 2161 1172 2228 τὴν

212 2310 340 2401 σύριγγα
371 2304 485 2398 ῥίπτει,
509 2296 616 2396 δρόμῳ
643 2295 678 2370 δὲ
705 2305 779 2396 πρὸς
804 2305 855 2370 τὸν
881 2304 1022 2395 Δόρκωνα
1047 2307 1174 2398 παραγί-

211 2483 313 2541 νεται,
331 2447 496 2547 δεησομένη
515 2454 641 2538 βοηθεῖν.

268 2631 320 2693 29.
348 2592 376 2671 O
392 2597 427 2670 δὲ
442 2605 540 2671 ἔκειτο
556 2610 685 2698 πληγαῖς
703 2613 848 2683 νεανικαῖς
863 2608 1103 2700 συγκεκομμένος
1117 2608 1175 2672 ὑπὸ

214 2765 275 2821 τῶν
290 2761 431 2849 λῃστῶν,
452 2754 504 2820 καὶ
526 2752 626 2846 ολίγον
645 2757 796 2846 ἐμπνέων,
816 2758 946 2846 αἵματος
956 2763 1076 2823 πολλοῦ
1095 2781 1178 2848 ρερο-

216 2907 304 2995 μένου
319 2889 374 2994 (⁰).
403 2889 480 2968 Ῐδὼν
500 2893 536 2968 δέ
553 2927 588 2995 γε
606 2905 662 2976 την
681 2903 783 2976 Χλόην
800 2891 860 2994 (7),
883 2906 933 2971 καὶ
955 2905 1054 2998 ὀλίγον
1074 2909 1108 2969 ἐκ
1125 2915 1179 2971 τοῦ

214 3053 361 3146 πρότερον
397 3053 508 3144 ἔρωτος
539 3055 714 3144 ε’μπόριυμα
737 3047 859 3136 λαόὼν,
887 3080 900 3104 ι
915 3057 974 3144 ἐγὼ
1002 3053 1072 3142 μὲν,
1098 3050 1179 3136 εἷπε,

255 3327 294 3394 (1)
313 3325 361 3377 Καὶ
377 3328 487 3395 κρεῖττον,
498 3332 526 3376 A
542 3333 569 3386 Β,
584 3329 656 3378 καλὸν
672 3330 784 3396 κρεῖττον.

259 3421 301 3487 (a)
320 3411 376 3479 Ani,
389 3424 434 3468 AB

258 3511 297 3578 (3)
317 3510 445 3570 Κλαίοντα,
456 3515 502 3558 AB.

258 3607 294 3668 (4)
314 3608 400 3672 Δῶρον,
416 3607 445 3651 A.
461 3608 487 3663 Β,
502 3599 603 3669 Δάφνιδι
617 3604 753 3671 κομίζουσα

259 3695 295 3760 (5)
315 3693 400 3755 Αὐτόν,
411 3700 439 3744 A.
455 3700 481 3754 Β,
495 3693 563 3747 αὐτη

259 3790 295 3851 (6)
314 3789 454 3857 Φερομένου,
471 3793 496 3835 Β.
514 3791 542 3846 A,
556 3791 677 3854 χεομένου

272 3883 297 3947 7)
317 3871 378 3932 ἰδὼν
393 3876 423 3929 δι’
438 3897 510 3950 γε
482 3899 522 3934 την
536 3877 648 3933 Χλόην“.
665 3884 693 3941 A,
710 3877 863 3937 ιδὼντηνΧ.
881 3890 906 3945 Β,
923 3835 980 3935 ἰδδιν
995 3881 1024 3933 δὲ
1039 3883 1079 3935 καὶ
1094 3885 1181 3938 mx

1013 4000 1037 4055 3.
