2768 4874
198 627 263 704 150
396 636 581 705 ΛΟΓΓΟΥ
610 635 931 735 ΠΟΙΜΕΝΙΚΩΝ

193 804 344 899 ρίσματιις
370 809 424 880 Μὴ
448 807 593 899 φθονήσῃς
623 804 703 898 μετὰ
730 805 842 898 Δάφνιν
866 807 956 897 εὑρεῖν
985 826 1015 867 τι
1037 801 1125 892 κάμέ.
1141 827 1154 851 »

141 990 178 1029 ιιι
191 958 398 1036 Κελιύσαντος
420 950 455 1024 δὲ
478 968 533 1027 τοῦ
554 958 792 1051 Διονυσοφάνους
818 954 962 1049 πρότερον
980 955 1088 1022 ἐκεῖνον
1109 955 1157 1019 λέ-

27 1144 57 1198 g
192 1134 253 1201 γειν
278 1110 335 1184 τὴν
359 1099 488 1195 ἔκθεσιν,
513 1114 714 1204 όΜεγακλῆς
737 1100 824 1176 οὐδὲν
851 1109 964 1200 ὑφελὼν
987 1115 1043 1173 τοῦ
1063 1103 1154 1172 τόνου

191 1268 244 1337 τῆς
261 1269 372 1352 φωνῆς,
382 1262 451 1354 ἔφη·
464 1242 531 1328 «hv
547 1259 646 1354 ὀλίγος
662 1287 713 1352 μοι
724 1260 796 1346 βίος
809 1259 861 1326 τὸν
877 1257 1024 1350 πρότερον
1035 1255 1155 1348 χρόνον·

192 1406 225 1473 δν
240 1406 298 1502 γὰρ
315 1405 416 1501 είχον,
433 1409 473 1487 είς
490 1411 632 1503 χορηγίας
649 1408 700 1475 καὶ
717 1406 910 1504 τριηραρχίας
932 1397 1155 1484 έξεδαπσίνησα.

192 1541 253 1624 ὁτι
280 1568 379 1626 τούτα
405 1557 460 1643 ἦν,
486 1559 602 1653 γίνεταί
626 1586 677 1651 μοι
706 1559 878 1652 θυγάτριον.
909 1561 1011 1623 Τοῦτο
1040 1552 1157 1648 τρέφειν

192 1711 321 1786 ὀκνήσας
347 1713 377 1774 έν
405 1707 511 1797 πενίᾳ,
541 1711 661 1786 τούτοις
690 1715 755 1786 τοῖς
782 1705 969 1801 γνωρίσμασι
988 1684 1158 1796 κοσμήσας

192 1849 328 1941 ἐξέθηκα,
347 1846 434 1933 εἰδὼς
449 1859 498 1922 ότι
517 1856 627 1924 πολλοὶ
642 1858 692 1923 καὶ
708 1861 790 1924 οὕτω
808 1847 1013 1936 σπουδαῖσυσι
1030 1858 1158 1946 πατέρες

192 2003 336 2096 γενέσθαι.
353 2004 417 2071 Καὶ
432 2007 469 2072 τὸ
484 2007 538 2097 μὲν
558 1999 685 2084 ἐξέκειτο
700 2010 730 2073 έν
744 2001 846 2100 ἄντρῳ
861 2009 1016 2097 Νυμφῶν,
1035 2028 1159 2071 πιστευ·

193 2155 241 2220 θέν
266 2162 334 2233 ταῖς
355 2156 450 2236 θεαῖς·
478 2156 545 2248 ἐμοὶ
570 2148 605 2223 δὲ
635 2163 766 2234 πλοῦτος
794 2160 907 2248 ἐπέρῥει
932 2156 997 2222 καθ’
1025 2155 1158 2227 έκσίστην

194 2306 319 2396 ἡμέραν,
338 2305 522 2397 κληρονόμον
540 2310 594 2372 οὐκ
610 2307 722 2397 ἔχοντι.
741 2306 852 2372 Οὐκέτι
870 2314 940 2397 γοῦν
962 2295 1032 2370 οὐδὲ
1045 2291 1089 2395 (¹)
1108 2304 1159 2368 θυ-

195 2455 320 2546 γατρίου
346 2455 481 2547 γενέσθαι
506 2461 609 2548 πατήρ
638 2457 815 2548 ηὐτύχησα·
839 2455 904 2521 ἄλλ’
925 2459 1025 2546 ὥσπερ
1049 2455 1077 2521 οἱ
1098 2453 1161 2521 θεοὶ

195 2595 313 2695 γθιωισί
331 2629 367 2694 με
383 2607 572 2695 ποιούμενοι,
591 2605 708 2699 νύκτωρ
726 2602 852 2698 ὀνείρους
872 2630 923 2696 μοι
941 2607 1159 2696 ἐπιπέμπουσι,

195 2743 357 2831 δηλοῦντες
370 2739 413 2843 (²)
431 2755 481 2819 ὅτι
499 2779 536 2845 με
554 2758 673 2846 πατέρα
696 2761 813 2832 ποιήσει
831 2754 1007 2846 ποίμνιον.»

250 2904 301 2969 36.
330 2891 497 2976 Ᾰνεύόησεν
510 2909 527 2970 ό
538 2906 757 2996 Διονυσοφάνης
773 2899 870 2997 μεῖζον
883 2914 939 2972 τοῦ
951 2907 1162 2998 Μεγακλέους,

77 3046 82 3118 f
145 3085 182 3124 ιω
196 3054 246 3119 καὶ
271 3045 487 3139 ἀναπηδήσας,
512 3052 623 3147 εἰσάγει
648 3053 752 3126 Χλόην
780 3054 859 3121 ποίνυ
887 3059 988 3132 καλῶς
1016 3077 1168 3144 κεκοσμη·

106 3274 109 3280 ,
195 3207 298 3293 μένην,
315 3204 366 3272 καὶ
381 3207 480 3299 λέγει·
505 3209 630 3273 «Τοῦτο
652 3206 689 3272 τὸ
709 3196 833 3272 παιδίον
860 3198 1012 3311 ἐξέθηκας.
1037 3203 1167 3277 Ταύτην

196 3377 243 3419 σοι
261 3357 317 3426 τὴν
334 3339 376 3445 (³)
402 3356 546 3449 παρθένον
567 3351 612 3434 οἶς
630 3353 756 3448 προνοίᾳ
773 3355 846 3420 θεῶν
864 3349 1092 3459 ἐξέθρεψεν,;ὡς
1116 3348 1169 3431 αἲξ

195 3501 305 3593 Δσίφνιν
333 3502 413 3593 ἐμοί·
435 3500 514 3571 λαύὲ
538 3502 581 3572 τὰ
608 3504 806 3598 γνωρίσματα
832 3506 884 3573 καὶ
909 3511 964 3581 τήν
994 3505 1166 3597 θυγατέρα·
