2768 4874
491 641 646 706 Aorox
677 642 880 707 ΠΡΩΤΟΣ.
1119 663 1164 732 29

208 808 333 902 φίττειν,
357 814 424 883 ταῖς
450 805 571 874 πίιυσιν
594 809 792 899 ἐμπνέοντας·
813 806 865 874 καὶ
889 804 931 874 τὰ
948 814 1032 900 μῆλα
1049 813 1165 902 ἐρῶντα

204 957 323 1025 πίπτειν
334 957 440 1050 ’χαμαί
457 943 512 1051 (¹).
534 957 598 1025 Καὶ
622 958 675 1025 τὸν
694 962 776 1032 ἥλιον
801 957 962 1050 φιλόκαλον
980 958 1075 1043 ὄντα,
1093 957 1165 1024 ποίν·

206 1132 261 1186 τοις
288 1098 443 1175 ἀποδύειν.
469 1092 498 1174 O
530 1108 583 1199 μὲν
614 1105 665 1175 οὖν
689 1108 802 1201 1Δοίφνις
826 1107 1012 1201 θαλπόμενος
1043 1111 1164 1188 τούτοις

205 1257 331 1342 ἅπασιν,
348 1257 387 1336 εἰς
400 1257 470 1335 τοὺς
481 1260 639 1350 ποταμοὺς
654 1253 792 1325 ἐνέύαινε·
809 1259 860 1325 καὶ
871 1259 947 1327 ποτέ
961 1260 1013 1352 μὲν
1031 1261 1165 1344 ἐλούετο,

205 1407 284 1472 ποτὲ
300 1396 335 1471 δέ
351 1405 401 1473 ιιαὶ
417 1413 478 1472 τῶν
496 1406 603 1496 ἰχθύων
621 1405 693 1483 τοὺς
712 1398 914 1484 ἐνδινεύοντοις
931 1407 1035 1500 ἐθύφοι·
1053 1407 1166 1474 πολλά·
1179 1415 1205 1456 ³⁷

206 1578 251 1630 ιιις
270 1544 305 1619 δέ
324 1554 375 1620 ιιαὶ
398 1555 511 1638 ἔπινεν,
538 1559 577 1632 ὠς
603 1554 639 1620 τὸ
661 1545 779 1620 ἔνδοθεν
800 1564 903 1647 καῦμα
929 1550 1055 1638 σύέσων.
1078 1542 1108 1622 Η
1131 1547 1167 1622 δέ

207 1700 308 1782 Χλόη,
327 1700 407 1793 μετὰ
422 1703 459 1770 τὸ
479 1696 610 1794 οἱμέλξαι
626 1700 683 1781 τὰς
702 1699 745 1782 οἷς
765 1704 815 1770 καὶ
833 1713 893 1771 τῶν
913 1703 1005 1798 αἰγῶν
1023 1703 1079 1784 τὰς
1094 1711 1168 1772 πολ-

206 1849 279 1936 λδις,
306 1851 355 1918 ἐπὶ
385 1853 464 1919 πολὺ
494 1854 547 1945 μὲν
575 1853 666 1920 πόνον
691 1840 729 1938 (²)
756 1851 817 1946 εἶχε
838 1865 979 1948 πογνύσα
1005 1857 1042 1922 τὸ
1070 1855 1166 1949 γαλα·

208 1991 303 2067 δειναὶ
325 1999 383 2095 γὰρ
407 2002 438 2067 αἱ
465 2009 549 2094 μυῖαι
571 2008 707 2076 λυπῆσαι
731 2003 782 2070 ιιαὶ
809 1994 926 2083 δακεῖν,
948 2004 973 2069 εἰ
993 1995 1167 2072 διιύιιοιντσ·

208 2151 245 2216 τὸ
277 2142 313 2215 δὲ
340 2150 490 2235 ἐντεῦθεν,
527 2150 756 2243 ἀπολουσαμένη
788 2153 824 2218 τὸ
853 2125 1032 2244 πφόσονπον,
1063 2148 1169 2231 πίτυος

208 2301 411 2389 ἐστεφανοῦτο
435 2290 582 2384 ιιλοίδοις,
604 2300 655 2367 καὶ
677 2309 717 2394 τῇ
737 2292 851 2391 νεύφίδι
869 2294 1031 2386 ἐζώννυτο,
1048 2301 1099 2367 καὶ
1116 2303 1169 2368 τὸν

208 2446 320 2541 γαυλὸν
338 2447 540 2522 ἄνοιπλύσασα
555 2447 634 2515 οἴνου
654 2448 704 2514 καὶ
719 2448 889 2542 γαλακτος,
906 2450 1004 2517 ιιοινδν
1021 2449 1100 2542 μετὰ
1115 2463 1170 2520 τοῦ

209 2587 357 2688 Δοίφνιδος
376 2596 470 2663 ποτὸν
489 2592 561 2687 εἶχε.

268 2752 320 2826 ού.
343 2750 406 2824 Τῆς
423 2736 458 2812 δὲ
475 2740 663 2838 μεσημύφίοις
683 2747 878 2832 ἐπελθούσης,
898 2747 1011 2840 ἐγίνετο
1033 2737 1094 2820 ἤδη
1110 2754 1170 2811 τῶν

214 2895 375 2987 ὀφθαλμῶν
393 2895 505 2975 ἅλωσις
523 2897 638 2973 αὐτοῖς.
661 2882 691 2975 Η
711 2892 838 2989 μὲνγὰρ
861 2897 973 2989 γυμνὸν
997 2901 1098 2988 ὁφῶσα
1117 2895 1170 2959 τὸν

212 3043 321 3136 Δοίφνιν
340 3031 401 3136 (³),
421 3047 468 3112 ἐπ’
484 3045 592 3112 ἀνθοῦν
614 3031 656 3138 (⁴)
678 3048 817 3114 ἐνέπιπτε
838 3045 875 3112 τὸ
892 3047 1019 3129 καλλος,
1038 3042 1088 3148 οιαὶ
1107 3044 1171 3116 ἐτό-

212 3218 305 3277 κετο,
330 3185 421 3284 μηδὲν
448 3198 541 3262 αὐτοῦ
566 3197 653 3288 μέρος
684 3190 859 3288 μέμψασθαι
888 3186 1051 3286 δυναμένη·
1074 3198 1091 3260 θ
1117 3183 1171 3278 δὲ,

213 3378 1162 3411 -ἡώ--ψ--Ἶ-ὲ-

248 3510 285 3572 (1)
304 3507 397 3575 Χειμιύ.
413 3537 448 3545 -
459 3505 599 3576 Εὐριπίδης·
613 3509 656 3578 ἐρᾷ
674 3511 755 3579 σεμνὸς
771 3510 866 3579 ούφιινὸς
880 3512 958 3563 πισιῖν
972 3512 1000 3570 ἐς
1009 3513 1081 3583 γαῖαν
1094 3501 1170 3581 Ᾰφφσ-

214 3597 279 3658 δίτης
292 3600 346 3651 ύπο.

248 3693 285 3759 (ο)
305 3691 377 3743 Πόνον
388 3691 408 3741 ’.
422 3695 469 3753 ΑΒ,
482 3689 520 3742 ἐπὶ
534 3694 606 3746 πολὺν
619 3694 660 3762 μὶν
675 3693 765 3763 χρόνον,

249 3786 285 3849 (3)
304 3783 347 3835 Τὸν
361 3783 454 3852 Δάφνιν,
465 3788 512 3834 ΑΒ.

249 3877 287 3942 (ς)
306 3866 448 3937 ι’·ιπιειιεον,
462 3880 508 3925 ιο.
