2768 4874
261 637 306 727 74
465 637 653 704 ΛΟΓΓΟΥ
685 639 1006 729 ΠΟΙΜΕΝΙΚΩΝ

259 808 383 901 μαθὼν,
402 809 438 875 τὸ
465 807 591 902 ὄργανον
617 814 693 888 νοεῖ,
716 807 766 875 καὶ
792 796 841 900 (¹).
863 808 932 887 τοὺς
961 809 1117 901 καλάμους
1142 819 1225 904 κηρῷ

257 950 409 1036 συνδήσας
434 956 574 1042 οίνίσους,
601 959 667 1025 καθ’
694 961 750 1024 ὅτι
770 958 822 1024 καὶ
844 963 860 1025 6
879 960 951 1052 ἔρως
976 954 1078 1038 άνισος
1101 963 1222 1038 αὐτοῖς·

255 1101 306 1169 καὶ
330 1103 348 1177 6
377 1058 443 1196 (ί),
472 1103 545 1170 τύτι
575 1102 720 1194 παρθένος
744 1061 839 1186 καλή,
863 1111 913 1170 νῦν
936 1107 1001 1171 ἐστι
1021 1097 1125 1197 σύριγξ
1148 1131 1221 1197 μου·

253 1257 333 1328 σική.
348 1274 361 1300 ¹·

306 1458 357 1525 35.
386 1443 466 1553 Ᾰρτι
484 1460 625 1526 πέπαυτο
641 1467 698 1525 τοῦ
715 1458 967 1551 μυθολογήματος
986 1461 1002 1522 6
1022 1456 1151 1548 Δάμων,
1167 1456 1218 1523 καὶ
1236 1505 1238 1509 -

250 1609 350 1700 ἐπήνει
373 1611 510 1687 Φιλητᾶς
536 1608 645 1690 αύτδν,
675 1613 715 1685 ὡς
741 1606 866 1674 εἰπόντα
893 1606 985 1695 μῦθον
1007 1597 1088 1692 ᾠδῆς
1103 1607 1218 1700 ’γλυκύ

248 1784 353 1852 τερον,
377 1756 428 1825 καὶ
449 1764 466 1825 6
485 1758 615 1854 Τίτυρος
633 1757 797 1851 έρίσταται
816 1763 871 1834 την
897 1759 1027 1853 σύριγγα
1051 1769 1095 1845 τῷ
1120 1759 1216 1852 πατρὶ

248 1899 393 2000 κομίζων,
420 1910 500 2001 μέγα
519 1908 646 2002 ὄργανον
668 1907 720 1974 καὶ
737 1910 835 1974 αὐλῶν
855 1907 1014 2000 μεγάλων·
1033 1904 1085 1972 καὶ
1100 1906 1149 1972 ἵνα
1169 1931 1216 1973 κε-

247 2062 385 2150 κήρωτο,
411 2063 517 2150 χαλκῷ
545 2043 587 2150 (⁸)
614 2055 805 2124 πεποίκιλτο.
834 2053 962 2124 Εἴκοσιν
991 2053 1027 2122 άν
1059 2081 1106 2134 τις
1140 2053 1215 2122 εἶναι

162 2247 165 2251 v
245 2211 361 2282 ταύτην
381 2207 509 2293 ἐκείνην,
536 2208 572 2283 ήν
598 2213 614 2274 6
639 2205 708 2275 Πδιν
732 2216 853 2301 πρῶτον
877 2199 1022 2283 ἐπήξατο.
1052 2205 1214 2298 Διεγερθεὶς

245 2335 294 2422 οὖν
316 2363 332 2424 6
351 2363 503 2444 Φιλητᾶς,
521 2359 572 2425 καὶ
593 2356 718 2435 καθίσας
741 2361 770 2424 ἐν
790 2347 923 2450 καθέδρᾳ
949 2355 1064 2449 ὄρθιον,
1091 2365 1213 2449 πρῶτον

244 2504 297 2595 μὲν
316 2503 502 2598 ἀπεπειράθη
519 2514 581 2570 τῶν
600 2504 767 2596 καλάμων,
789 2503 812 2569 εἰ
831 2504 964 2570 εύπνοοι·
983 2506 1091 2571 ἔπειτα
1109 2502 1211 2594 μαθὼν

203 2684 229 2724 ου
243 2644 457 2731 ὡςάκύλυτον
482 2644 633 2746 διατρέχει
660 2653 697 2719 τὸ
725 2662 863 2743 πνεῦμα,
884 2654 995 2720 ίνέπνει
1020 2653 1057 2719 τὸ
1078 2653 1211 2720 ἐντεῦθεν

782 2795 784 2798 ,
1316 2760 1321 2794 1

240 2803 319 2871 πολὺ
341 2802 393 2870 καὶ
411 2804 563 2872 νεανικόν.
595 2806 700 2870 Αὐλῶν
731 2831 778 2883 τις
809 2800 845 2870 θιν
872 2804 953 2890 ᾠήθη
982 2804 1210 2871 συναυλούντων

239 2954 376 3022 ἀκούειν·
394 2964 540 3022 τοσοῦτον
565 2954 633 3045 ἤχει
653 2954 688 3020 τὸ
707 2957 848 3048 σύριγμα.
871 2955 954 3022 Κατ’
973 2953 1073 3047 ολίγον
1098 2944 1133 3019 δὲ
1153 2963 1208 3031 τῆς

242 3101 309 3186 βίας
335 3103 486 3196 άραιρῶν,
503 3100 553 3190 είς
576 3101 613 3168 τὸ
630 3102 829 3195 τερπνότερον
849 3096 1016 3193 μετέύαλλε
1039 3101 1077 3167 τὸ
1103 3102 1206 3192 μέλος.

238 3248 302 3315 Καὶ
333 3255 433 3317 πάσαν
469 3253 576 3343 τέχνην
606 3241 846 3342 ἐπιδεικνύμενος
869 3247 1009 3341 εὐνομίας
1040 3258 1205 3341 μουσικῆς,

237 3398 389 3491 ἐσύριττεν
412 3404 481 3466 ὅσον
511 3405 590 3486 βοῶν
619 3400 711 3493 ἀγέλῃ
739 3404 867 3492 πρέπον,
898 3398 959 3467 οἷον
979 3398 1108 3486 αἰπολίῳ
1128 3402 1206 3493 πρύ-
1275 3391 1278 3395 ,

271 3695 308 3758 (1)
327 3691 384 3743 Καὶ.
396 3722 430 3730 -
447 3682 523 3743 ὁκαὶ
539 3693 673 3757 ιἰθιτητίος,
686 3693 702 3750 6
716 3692 792 3744 λείπει
810 3712 833 3744 τι
847 3687 910 3762 μετὰ
924 3692 965 3743 τὸ·
984 3692 1062 3750 ἄνισος
1077 3694 1166 3752 αὐτοῖς.

271 3787 309 3853 (ι)
328 3784 377 3835 Καὶ
390 3784 405 3840 6
419 3791 446 3833 “.
459 3789 507 3845 ΑΒ,
522 3783 564 3834 καὶ
577 3786 592 3839 6
606 3782 671 3836 τότε.

272 3878 308 3943 ’3)
328 3867 348 3928 θ.
366 3897 389 3928 κ.
401 3883 484 3944 χαλκῷ
494 3883 520 3926 “.
532 3881 560 3938 Α,
569 3877 605 3927 ὅτι
615 3876 734 3946 κεκύρωτο
749 3884 841 3948 χαλκῷ.
850 3886 876 3940 Β,
887 3879 925 3930 ἶνα
935 3877 1054 3947 κεκύρωτο
1064 3883 1098 3946 τῷ
1105 3883 1203 3942 χαλκῶ.
