<?xml version="1.0" encoding="UTF-8"?>
<!DOCTYPE html PUBLIC "-//W3C//DTD XHTML 1.0 Transitional//EN"
    "http://www.w3.org/TR/xhtml1/DTD/xhtml1-transitional.dtd">
<html xmlns="http://www.w3.org/1999/xhtml" xml:lang="en" lang="en">
 <head>
  <title>
</title>
<meta http-equiv="Content-Type" content="text/html;charset=utf-8" />
  <meta name='ocr-system' content='tesseract 3.04.00' />
  <meta name='ocr-capabilities' content='ocr_page ocr_carea ocr_par ocr_line ocrx_word'/>
</head>
<body>
  <div class='ocr_page' id='page_1' title='image "./longipastoralia00sinngoog_0101.png"; bbox 0 0 2768 4874; ppageno 0'>
   <div class='ocr_carea' id='block_1_1' title="bbox 230 647 1233 2107">
    <p class='ocr_par' dir='ltr' id='par_1_1' title="bbox 230 647 1233 2107">
     <span class='ocr_line' id='line_1_1' title="bbox 270 647 1003 714; baseline 0.003 -7"><span class='ocrx_word' id='word_1_1' title='bbox 270 667 312 708; x_wconf 74' lang='grc' dir='ltr'>ου</span> <span class='ocrx_word' id='word_1_2' title='bbox 468 647 652 711; x_wconf 90' lang='grc' dir='ltr'>ΛΟΓΓΟΥ</span> <span class='ocrx_word' id='word_1_3' title='bbox 684 647 1003 714; x_wconf 83' lang='grc' dir='ltr'><strong>ΠΟΙΜΕΝΙΚΩΝ</strong></span> 
     </span>
     <span class='ocr_line' id='line_1_2' title="bbox 269 801 1225 906; baseline 0.001 -26"><span class='ocrx_word' id='word_1_4' title='bbox 269 807 319 900; x_wconf 81' lang='grc' dir='ltr'>δὲ,</span> <span class='ocrx_word' id='word_1_5' title='bbox 336 819 435 906; x_wconf 82' lang='grc' dir='ltr'>ὥσπερ</span> <span class='ocrx_word' id='word_1_6' title='bbox 452 818 486 882; x_wconf 83' lang='grc' dir='ltr'>οὐ</span> <span class='ocrx_word' id='word_1_7' title='bbox 507 814 653 905; x_wconf 82' lang='grc' dir='ltr'>ριληθεὶς,</span> <span class='ocrx_word' id='word_1_8' title='bbox 676 813 756 881; x_wconf 75' lang='grc' dir='ltr'>ἀλλὰ</span> <span class='ocrx_word' id='word_1_9' title='bbox 775 806 894 904; x_wconf 82' lang='grc' dir='ltr'>δηχθεὶς</span> <span class='ocrx_word' id='word_1_10' title='bbox 911 801 968 906; x_wconf 87' lang='lat'><strong>(¹),</strong></span> <span class='ocrx_word' id='word_1_11' title='bbox 985 814 1158 906; x_wconf 88' lang='grc' dir='ltr'>σκυθρωπός</span> <span class='ocrx_word' id='word_1_12' title='bbox 1179 841 1225 893; x_wconf 92' lang='grc' dir='ltr'>τις</span> 
     </span>
     <span class='ocr_line' id='line_1_3' title="bbox 268 953 1227 1054; baseline 0.001 -24"><span class='ocrx_word' id='word_1_13' title='bbox 268 965 349 1041; x_wconf 85' lang='grc' dir='ltr'>εὐθὺς</span> <span class='ocrx_word' id='word_1_14' title='bbox 364 962 417 1049; x_wconf 74' lang='grc' dir='ltr'>ἦν,</span> <span class='ocrx_word' id='word_1_15' title='bbox 433 964 484 1030; x_wconf 83' lang='grc' dir='ltr'>καὶ</span> <span class='ocrx_word' id='word_1_16' title='bbox 501 964 646 1040; x_wconf 72' lang='grc' dir='ltr'>πολλάκις</span> <span class='ocrx_word' id='word_1_17' title='bbox 663 960 808 1053; x_wconf 75' lang='grc' dir='ltr'>ε’(ιόχετσ,</span> <span class='ocrx_word' id='word_1_18' title='bbox 826 963 876 1029; x_wconf 85' lang='grc' dir='ltr'>καὶ</span> <span class='ocrx_word' id='word_1_19' title='bbox 892 966 947 1035; x_wconf 76' lang='grc' dir='ltr'>τὴν</span> <span class='ocrx_word' id='word_1_20' title='bbox 966 953 1092 1054; x_wconf 75' lang='grc' dir='ltr'>καρδίαν</span> <span class='ocrx_word' id='word_1_21' title='bbox 1108 969 1227 1031; x_wconf 86' lang='grc' dir='ltr'>παλλο·</span> 
     </span>
     <span class='ocr_line' id='line_1_4' title="bbox 268 1101 1226 1206; baseline 0 -26"><span class='ocrx_word' id='word_1_22' title='bbox 268 1117 356 1206; x_wconf 73' lang='grc' dir='ltr'>μάνην</span> <span class='ocrx_word' id='word_1_23' title='bbox 373 1117 406 1181; x_wconf 90' lang='grc' dir='ltr'>οὐ</span> <span class='ocrx_word' id='word_1_24' title='bbox 427 1121 548 1205; x_wconf 85' lang='grc' dir='ltr'>κατεῖχε</span> <span class='ocrx_word' id='word_1_25' title='bbox 565 1101 625 1206; x_wconf 76' lang='lat'>(²),</span> <span class='ocrx_word' id='word_1_26' title='bbox 650 1113 701 1179; x_wconf 85' lang='grc' dir='ltr'>καὶ</span> <span class='ocrx_word' id='word_1_27' title='bbox 718 1113 835 1197; x_wconf 83' lang='grc' dir='ltr'>βλέπειν</span> <span class='ocrx_word' id='word_1_28' title='bbox 858 1112 910 1204; x_wconf 82' lang='grc' dir='ltr'>μὲν</span> <span class='ocrx_word' id='word_1_29' title='bbox 930 1113 1016 1186; x_wconf 81' lang='grc' dir='ltr'>ἤθελε</span> <span class='ocrx_word' id='word_1_30' title='bbox 1032 1116 1086 1187; x_wconf 72' lang='grc' dir='ltr'>τὴν</span> <span class='ocrx_word' id='word_1_31' title='bbox 1104 1114 1226 1199; x_wconf 81' lang='grc' dir='ltr'>Χλόην,</span> 
     </span>
     <span class='ocr_line' id='line_1_5' title="bbox 269 1252 1227 1359; baseline 0.003 -32"><span class='ocrx_word' id='word_1_32' title='bbox 269 1263 387 1347; x_wconf 79' lang='grc' dir='ltr'>βλέπων</span> <span class='ocrx_word' id='word_1_33' title='bbox 405 1252 440 1327; x_wconf 77' lang='grc' dir='ltr'>δὲ</span> <span class='ocrx_word' id='word_1_34' title='bbox 458 1261 622 1359; x_wconf 77' lang='grc' dir='ltr'>ε’ρυθόματι</span> <span class='ocrx_word' id='word_1_35' title='bbox 641 1260 828 1351; x_wconf 80' lang='grc' dir='ltr'>ἐπίμπλατο.</span> <span class='ocrx_word' id='word_1_36' title='bbox 850 1260 931 1327; x_wconf 87' lang='grc' dir='ltr'>Τότε</span> <span class='ocrx_word' id='word_1_37' title='bbox 954 1270 1076 1353; x_wconf 84' lang='grc' dir='ltr'>πρῶτον</span> <span class='ocrx_word' id='word_1_38' title='bbox 1096 1262 1147 1329; x_wconf 88' lang='grc' dir='ltr'>καὶ</span> <span class='ocrx_word' id='word_1_39' title='bbox 1171 1266 1227 1336; x_wconf 75' lang='grc' dir='ltr'>τὴν</span> 
     </span>
     <span class='ocr_line' id='line_1_6' title="bbox 268 1397 1228 1504; baseline 0 -25"><span class='ocrx_word' id='word_1_40' title='bbox 268 1412 371 1504; x_wconf 78' lang='grc' dir='ltr'>κόμην</span> <span class='ocrx_word' id='word_1_41' title='bbox 388 1415 482 1490; x_wconf 81' lang='grc' dir='ltr'>αὐτῆς</span> <span class='ocrx_word' id='word_1_42' title='bbox 506 1412 656 1504; x_wconf 79' lang='grc' dir='ltr'>ε’θοοίμασε</span> <span class='ocrx_word' id='word_1_43' title='bbox 677 1397 720 1502; x_wconf 46' lang='grc' dir='ltr'>(δ)</span> <span class='ocrx_word' id='word_1_44' title='bbox 747 1414 795 1476; x_wconf 89' lang='grc' dir='ltr'>ότι</span> <span class='ocrx_word' id='word_1_45' title='bbox 820 1405 928 1496; x_wconf 73' lang='grc' dir='ltr'>ξανθὴ,</span> <span class='ocrx_word' id='word_1_46' title='bbox 953 1411 1004 1479; x_wconf 89' lang='grc' dir='ltr'>καὶ</span> <span class='ocrx_word' id='word_1_47' title='bbox 1025 1413 1094 1490; x_wconf 86' lang='grc' dir='ltr'>τοὺς</span> <span class='ocrx_word' id='word_1_48' title='bbox 1115 1413 1228 1504; x_wconf 83' lang='grc' dir='ltr'>όρθαλ-</span> 
     </span>
     <span class='ocr_line' id='line_1_7' title="bbox 230 1547 1229 1656; baseline -0.001 -27"><span class='ocrx_word' id='word_1_49' title='bbox 230 1577 257 1616; x_wconf 71' lang='lat'>29</span> <span class='ocrx_word' id='word_1_50' title='bbox 271 1563 343 1653; x_wconf 83' lang='grc' dir='ltr'>μοὺς</span> <span class='ocrx_word' id='word_1_51' title='bbox 365 1567 413 1628; x_wconf 89' lang='grc' dir='ltr'>ότι</span> <span class='ocrx_word' id='word_1_52' title='bbox 434 1561 560 1655; x_wconf 91' lang='grc' dir='ltr'>μεγάλοι</span> <span class='ocrx_word' id='word_1_53' title='bbox 580 1547 623 1656; x_wconf 54' lang='grc'>(4)</span> <span class='ocrx_word' id='word_1_54' title='bbox 650 1561 784 1652; x_wconf 87' lang='grc' dir='ltr'>καθάπερ</span> <span class='ocrx_word' id='word_1_55' title='bbox 813 1562 901 1649; x_wconf 83' lang='grc' dir='ltr'>βοὸς,</span> <span class='ocrx_word' id='word_1_56' title='bbox 917 1562 976 1628; x_wconf 76' lang='grc' dir='ltr'>καὶ</span> <span class='ocrx_word' id='word_1_57' title='bbox 1007 1562 1043 1629; x_wconf 81' lang='grc' dir='ltr'>τὸ</span> <span class='ocrx_word' id='word_1_58' title='bbox 1066 1564 1229 1654; x_wconf 86' lang='grc' dir='ltr'>πρόσωπον</span> 
     </span>
     <span class='ocr_line' id='line_1_8' title="bbox 270 1696 1232 1806; baseline 0.005 -31"><span class='ocrx_word' id='word_1_59' title='bbox 270 1713 319 1777; x_wconf 89' lang='grc' dir='ltr'>ότι</span> <span class='ocrx_word' id='word_1_60' title='bbox 342 1711 516 1802; x_wconf 77' lang='grc' dir='ltr'>λευκότερον</span> <span class='ocrx_word' id='word_1_61' title='bbox 535 1696 578 1804; x_wconf 46' lang='grc' dir='ltr'>(Β)</span> <span class='ocrx_word' id='word_1_62' title='bbox 606 1711 723 1789; x_wconf 78' lang='grc' dir='ltr'>ἀληθῶς</span> <span class='ocrx_word' id='word_1_63' title='bbox 746 1710 796 1777; x_wconf 82' lang='grc' dir='ltr'>καὶ</span> <span class='ocrx_word' id='word_1_64' title='bbox 814 1698 855 1803; x_wconf 63' lang='grc'>(6)</span> <span class='ocrx_word' id='word_1_65' title='bbox 879 1721 935 1777; x_wconf 82' lang='grc' dir='ltr'>τοῦ</span> <span class='ocrx_word' id='word_1_66' title='bbox 950 1721 1009 1779; x_wconf 86' lang='grc' dir='ltr'>τῶν</span> <span class='ocrx_word' id='word_1_67' title='bbox 1026 1712 1119 1805; x_wconf 76' lang='grc' dir='ltr'>αἰγῶν</span> <span class='ocrx_word' id='word_1_68' title='bbox 1137 1713 1232 1806; x_wconf 75' lang='grc' dir='ltr'>γεῦσι-</span> 
     </span>
     <span class='ocr_line' id='line_1_9' title="bbox 269 1846 1230 1954; baseline 0.003 -30"><span class='ocrx_word' id='word_1_69' title='bbox 269 1885 359 1944; x_wconf 83' lang='grc' dir='ltr'>κτος,</span> <span class='ocrx_word' id='word_1_70' title='bbox 384 1865 484 1952; x_wconf 85' lang='grc' dir='ltr'>ὥσπερ</span> <span class='ocrx_word' id='word_1_71' title='bbox 511 1860 585 1927; x_wconf 87' lang='grc' dir='ltr'>τότε</span> <span class='ocrx_word' id='word_1_72' title='bbox 609 1870 729 1951; x_wconf 85' lang='grc' dir='ltr'>πρῶτον</span> <span class='ocrx_word' id='word_1_73' title='bbox 757 1846 799 1952; x_wconf 76' lang='lat'>(⁷)</span> <span class='ocrx_word' id='word_1_74' title='bbox 823 1861 994 1954; x_wconf 82' lang='grc' dir='ltr'>ὀφθαλμοὺς</span> <span class='ocrx_word' id='word_1_75' title='bbox 1024 1861 1230 1954; x_wconf 77' lang='grc' dir='ltr'>κτησάμενος,</span> 
     </span>
     <span class='ocr_line' id='line_1_10' title="bbox 270 1996 1233 2107; baseline 0.006 -34"><span class='ocrx_word' id='word_1_76' title='bbox 270 2019 331 2074; x_wconf 87' lang='grc' dir='ltr'>τῶν</span> <span class='ocrx_word' id='word_1_77' title='bbox 349 2000 383 2075; x_wconf 85' lang='grc' dir='ltr'>δὲ</span> <span class='ocrx_word' id='word_1_78' title='bbox 399 2011 544 2104; x_wconf 87' lang='grc' dir='ltr'>πρότερον</span> <span class='ocrx_word' id='word_1_79' title='bbox 560 2010 674 2102; x_wconf 81' lang='grc' dir='ltr'>χρόνων</span> <span class='ocrx_word' id='word_1_80' title='bbox 693 1996 735 2101; x_wconf 65' lang='grc'>(8)</span> <span class='ocrx_word' id='word_1_81' title='bbox 751 2014 977 2102; x_wconf 84' lang='grc' dir='ltr'>πεπηρωμένος.</span> <span class='ocrx_word' id='word_1_82' title='bbox 996 2013 1078 2080; x_wconf 79' lang='grc' dir='ltr'>Οὔτε</span> <span class='ocrx_word' id='word_1_83' title='bbox 1096 2009 1145 2079; x_wconf 79' lang='grc' dir='ltr'>οὖν</span> <span class='ocrx_word' id='word_1_84' title='bbox 1165 2039 1233 2107; x_wconf 89' lang='grc' dir='ltr'>τρο-</span> 
     </span>
    </p>
   </div>
   <div class='ocr_carea' id='block_1_2' title="bbox 269 2160 1235 2253">
    <p class='ocr_par' dir='ltr' id='par_1_2' title="bbox 269 2160 1235 2253">
     <span class='ocr_line' id='line_1_11' title="bbox 269 2160 1235 2253; baseline 0.003 -29"><span class='ocrx_word' id='word_1_85' title='bbox 269 2162 325 2249; x_wconf 74' lang='grc' dir='ltr'>ρὴν</span> <span class='ocrx_word' id='word_1_86' title='bbox 343 2162 543 2253; x_wconf 77' lang='grc' dir='ltr'>προσεφέρετο</span> <span class='ocrx_word' id='word_1_87' title='bbox 559 2163 637 2234; x_wconf 76' lang='grc' dir='ltr'>πλὴν</span> <span class='ocrx_word' id='word_1_88' title='bbox 659 2161 727 2225; x_wconf 90' lang='grc' dir='ltr'>όσον</span> <span class='ocrx_word' id='word_1_89' title='bbox 752 2160 992 2253; x_wconf 78' lang='grc' dir='ltr'>ἀπογεύσασθαι·</span> <span class='ocrx_word' id='word_1_90' title='bbox 1009 2160 1060 2228; x_wconf 86' lang='grc' dir='ltr'>καὶ</span> <span class='ocrx_word' id='word_1_91' title='bbox 1077 2162 1189 2246; x_wconf 86' lang='grc' dir='ltr'>ποτὸν,</span> <span class='ocrx_word' id='word_1_92' title='bbox 1208 2160 1235 2227; x_wconf 86' lang='grc' dir='ltr'>εἴ</span> 
     </span>
    </p>
   </div>
   <div class='ocr_carea' id='block_1_3' title="bbox 269 2301 1233 2422">
    <p class='ocr_par' dir='ltr' id='par_1_3' title="bbox 269 2301 1233 2422">
     <span class='ocr_line' id='line_1_12' title="bbox 269 2301 1233 2422; baseline 0.005 -48"><span class='ocrx_word' id='word_1_93' title='bbox 269 2333 347 2376; x_wconf 89' lang='grc' dir='ltr'>ποτε</span> <span class='ocrx_word' id='word_1_94' title='bbox 365 2305 506 2395; x_wconf 81' lang='grc' dir='ltr'>έόιάσθη,</span> <span class='ocrx_word' id='word_1_95' title='bbox 528 2313 614 2402; x_wconf 80' lang='grc' dir='ltr'>μέχρι</span> <span class='ocrx_word' id='word_1_96' title='bbox 639 2319 695 2376; x_wconf 83' lang='grc' dir='ltr'>τοῦ</span> <span class='ocrx_word' id='word_1_97' title='bbox 716 2305 761 2422; x_wconf 77' lang='grc' dir='ltr'>ἃγ</span> <span class='ocrx_word' id='word_1_98' title='bbox 775 2301 930 2402; x_wconf 68' lang='grc' dir='ltr'>θεαθρέξαι</span> <span class='ocrx_word' id='word_1_99' title='bbox 948 2312 985 2379; x_wconf 87' lang='grc' dir='ltr'>τὸ</span> <span class='ocrx_word' id='word_1_100' title='bbox 1005 2312 1108 2404; x_wconf 83' lang='grc' dir='ltr'>στόμα</span> <span class='ocrx_word' id='word_1_101' title='bbox 1128 2337 1233 2405; x_wconf 78' lang='grc' dir='ltr'>προσε</span> 
     </span>
    </p>
   </div>
   <div class='ocr_carea' id='block_1_4' title="bbox 271 2451 1232 2554">
    <p class='ocr_par' dir='ltr' id='par_1_4' title="bbox 271 2451 1232 2554">
     <span class='ocr_line' id='line_1_13' title="bbox 271 2451 1232 2554; baseline 0.002 -29"><span class='ocrx_word' id='word_1_102' title='bbox 271 2461 387 2548; x_wconf 79' lang='grc' dir='ltr'>ρόρετο.</span> <span class='ocrx_word' id='word_1_103' title='bbox 406 2458 561 2536; x_wconf 75' lang='grc' dir='ltr'>Σιωπηλθς</span> <span class='ocrx_word' id='word_1_104' title='bbox 577 2457 802 2554; x_wconf 78' lang='grc' dir='ltr'>ἧνόπρότερον</span> <span class='ocrx_word' id='word_1_105' title='bbox 819 2469 880 2527; x_wconf 87' lang='grc' dir='ltr'>τῶν</span> <span class='ocrx_word' id='word_1_106' title='bbox 897 2451 1027 2553; x_wconf 83' lang='grc' dir='ltr'>ἀκρίδων</span> <span class='ocrx_word' id='word_1_107' title='bbox 1040 2458 1232 2553; x_wconf 82' lang='grc' dir='ltr'>λαλίστερος,</span> 
     </span>
    </p>
   </div>
   <div class='ocr_carea' id='block_1_5' title="bbox 270 2595 1234 2701">
    <p class='ocr_par' dir='ltr' id='par_1_5' title="bbox 270 2595 1234 2701">
     <span class='ocr_line' id='line_1_14' title="bbox 270 2595 1234 2701; baseline 0.005 -31"><span class='ocrx_word' id='word_1_108' title='bbox 270 2605 360 2697; x_wconf 81' lang='grc' dir='ltr'>ἀργὸς</span> <span class='ocrx_word' id='word_1_109' title='bbox 386 2611 401 2673; x_wconf 90' lang='grc' dir='ltr'>ό</span> <span class='ocrx_word' id='word_1_110' title='bbox 423 2607 624 2699; x_wconf 87' lang='grc' dir='ltr'>περιττότερα</span> <span class='ocrx_word' id='word_1_111' title='bbox 653 2595 695 2700; x_wconf 64' lang='grc'>(9)</span> <span class='ocrx_word' id='word_1_112' title='bbox 719 2618 779 2675; x_wconf 77' lang='grc' dir='ltr'>τῶν</span> <span class='ocrx_word' id='word_1_113' title='bbox 801 2607 894 2701; x_wconf 84' lang='grc' dir='ltr'>αἰγῶν</span> <span class='ocrx_word' id='word_1_114' title='bbox 918 2612 1103 2701; x_wconf 79' lang='grc' dir='ltr'>κινούμενος·</span> <span class='ocrx_word' id='word_1_115' title='bbox 1121 2611 1234 2701; x_wconf 77' lang='grc' dir='ltr'>ἠμέλη-</span> 
     </span>
    </p>
   </div>
   <div class='ocr_carea' id='block_1_6' title="bbox 269 2881 1238 3970">
    <p class='ocr_par' dir='ltr' id='par_1_6' title="bbox 270 2881 1238 3048">
     <span class='ocr_line' id='line_1_15' title="bbox 306 2881 1238 2956; baseline 0.001 -21"><span class='ocrx_word' id='word_1_116' title='bbox 306 2886 343 2949; x_wconf 88' lang='lat'>(1)</span> <span class='ocrx_word' id='word_1_117' title='bbox 362 2885 462 2949; x_wconf 76' lang='grc' dir='ltr'>Δκχθείς.</span> <span class='ocrx_word' id='word_1_118' title='bbox 473 2914 507 2941; x_wconf 84' lang='grc'>-,-</span> <span class='ocrx_word' id='word_1_119' title='bbox 517 2884 616 2937; x_wconf 83' lang='grc' dir='ltr'>Πλάτων</span> <span class='ocrx_word' id='word_1_120' title='bbox 632 2885 654 2937; x_wconf 79' lang='grc' dir='ltr'>έν</span> <span class='ocrx_word' id='word_1_121' title='bbox 669 2884 802 2954; x_wconf 82' lang='grc' dir='ltr'>Συμποσίῳ·</span> <span class='ocrx_word' id='word_1_122' title='bbox 820 2884 867 2956; x_wconf 75' lang='grc' dir='ltr'>ἐγὼ</span> <span class='ocrx_word' id='word_1_123' title='bbox 883 2881 913 2935; x_wconf 73' lang='grc' dir='ltr'>δὲ</span> <span class='ocrx_word' id='word_1_124' title='bbox 928 2884 1006 2954; x_wconf 79' lang='grc' dir='ltr'>ὥσπερ</span> <span class='ocrx_word' id='word_1_125' title='bbox 1020 2885 1067 2936; x_wconf 71' lang='grc' dir='ltr'>ὑπὸ</span> <span class='ocrx_word' id='word_1_126' title='bbox 1080 2885 1159 2954; x_wconf 78' lang='grc' dir='ltr'>θαρίσυ</span> <span class='ocrx_word' id='word_1_127' title='bbox 1172 2886 1238 2944; x_wconf 78' lang='grc' dir='ltr'>τινὸς-</span> 
     </span>
     <span class='ocr_line' id='line_1_16' title="bbox 270 2972 1233 3048; baseline 0.002 -23"><span class='ocrx_word' id='word_1_128' title='bbox 270 2972 430 3048; x_wconf 82' lang='grc' dir='ltr'>δεδηγμένος,</span> <span class='ocrx_word' id='word_1_129' title='bbox 446 2974 548 3040; x_wconf 68' lang='grc' dir='ltr'>όιδσιξσν,</span> <span class='ocrx_word' id='word_1_130' title='bbox 564 2975 605 3028; x_wconf 84' lang='grc' dir='ltr'>καὶ</span> <span class='ocrx_word' id='word_1_131' title='bbox 620 2978 642 3028; x_wconf 79' lang='grc' dir='ltr'>ἐν</span> <span class='ocrx_word' id='word_1_132' title='bbox 657 2982 686 3043; x_wconf 71' lang='grc' dir='ltr'>τῇ</span> <span class='ocrx_word' id='word_1_133' title='bbox 701 2973 793 3047; x_wconf 79' lang='grc' dir='ltr'>καρδίᾳ</span> <span class='ocrx_word' id='word_1_134' title='bbox 808 2977 886 3048; x_wconf 75' lang='grc' dir='ltr'>ὥσπερ</span> <span class='ocrx_word' id='word_1_135' title='bbox 902 2976 994 3046; x_wconf 76' lang='grc' dir='ltr'>κνῆσμά</span> <span class='ocrx_word' id='word_1_136' title='bbox 1008 2995 1032 3027; x_wconf 85' lang='grc' dir='ltr'>τι</span> <span class='ocrx_word' id='word_1_137' title='bbox 1048 2973 1145 3029; x_wconf 68' lang='grc' dir='ltr'>ἐδόκουν</span> <span class='ocrx_word' id='word_1_138' title='bbox 1161 2977 1233 3042; x_wconf 70' lang='grc' dir='ltr'>έχων.</span> 
     </span>
    </p>

    <p class='ocr_par' dir='ltr' id='par_1_7' title="bbox 305 3049 1083 3137">
     <span class='ocr_line' id='line_1_17' title="bbox 305 3049 1083 3137; baseline 0.001 -18"><span class='ocrx_word' id='word_1_139' title='bbox 305 3071 341 3132; x_wconf 78' lang='grc' dir='ltr'>(ο)</span> <span class='ocrx_word' id='word_1_140' title='bbox 361 3072 396 3120; x_wconf 80' lang='grc' dir='ltr'>Οὐ</span> <span class='ocrx_word' id='word_1_141' title='bbox 411 3049 541 3135; x_wconf 56' lang='grc' dir='ltr'>κατεῖχεθ.</span> <span class='ocrx_word' id='word_1_142' title='bbox 557 3074 586 3130; x_wconf 88' lang='lat' dir='ltr'>A,</span> <span class='ocrx_word' id='word_1_143' title='bbox 600 3070 747 3137; x_wconf 81' lang='grc' dir='ltr'>παλλομένην</span> <span class='ocrx_word' id='word_1_144' title='bbox 761 3070 865 3135; x_wconf 82' lang='grc' dir='ltr'>κατεῖχε.</span> <span class='ocrx_word' id='word_1_145' title='bbox 1080 3070 1083 3075; x_wconf 80' lang='grc'>’</span> 
     </span>
    </p>

    <p class='ocr_par' dir='ltr' id='par_1_8' title="bbox 304 3153 682 3232">
     <span class='ocr_line' id='line_1_18' title="bbox 304 3153 682 3232; baseline -0.003 -20"><span class='ocrx_word' id='word_1_146' title='bbox 304 3163 342 3226; x_wconf 80' lang='grc'>(3)</span> <span class='ocrx_word' id='word_1_147' title='bbox 360 3153 564 3230; x_wconf 53' lang='lat' dir='ltr'>mmmm,</span> <span class='ocrx_word' id='word_1_148' title='bbox 580 3159 682 3232; x_wconf 74' lang='grc' dir='ltr'>ἔθραυσε.</span> 
     </span>
    </p>

    <p class='ocr_par' dir='ltr' id='par_1_9' title="bbox 269 3252 1236 3513">
     <span class='ocr_line' id='line_1_19' title="bbox 305 3252 1234 3327; baseline -0.001 -22"><span class='ocrx_word' id='word_1_149' title='bbox 305 3256 342 3320; x_wconf 70' lang='grc' dir='ltr'>(ά)</span> <span class='ocrx_word' id='word_1_150' title='bbox 361 3253 470 3325; x_wconf 85' lang='grc' dir='ltr'>Μιγοίλοι</span> <span class='ocrx_word' id='word_1_151' title='bbox 481 3261 507 3304; x_wconf 85' lang='grc'>“.</span> <span class='ocrx_word' id='word_1_152' title='bbox 525 3261 553 3316; x_wconf 96' lang='lat' dir='ltr'>A,</span> <span class='ocrx_word' id='word_1_153' title='bbox 569 3255 671 3327; x_wconf 72' lang='grc' dir='ltr'>μεγάλαι.</span> <span class='ocrx_word' id='word_1_154' title='bbox 686 3256 718 3306; x_wconf 84' lang='grc' dir='ltr'>Τὸ</span> <span class='ocrx_word' id='word_1_155' title='bbox 734 3253 763 3306; x_wconf 84' lang='grc' dir='ltr'>δὲ</span> <span class='ocrx_word' id='word_1_156' title='bbox 782 3254 888 3323; x_wconf 86' lang='grc' dir='ltr'>καθάπερ</span> <span class='ocrx_word' id='word_1_157' title='bbox 904 3253 971 3316; x_wconf 84' lang='grc' dir='ltr'>βοὸς,</span> <span class='ocrx_word' id='word_1_158' title='bbox 991 3252 1147 3324; x_wconf 77' lang='grc' dir='ltr'>γλωσσίματι</span> <span class='ocrx_word' id='word_1_159' title='bbox 1160 3255 1234 3307; x_wconf 79' lang='grc' dir='ltr'>όσικε.</span> 
     </span>
     <span class='ocr_line' id='line_1_20' title="bbox 270 3326 1236 3418; baseline 0.003 -22"><span class='ocrx_word' id='word_1_160' title='bbox 270 3333 394 3401; x_wconf 70' lang='grc' dir='ltr'>λθετοτέον</span> <span class='ocrx_word' id='word_1_161' title='bbox 410 3326 480 3418; x_wconf 80' lang='grc' dir='ltr'>γδῠν,</span> <span class='ocrx_word' id='word_1_162' title='bbox 494 3347 510 3403; x_wconf 82' lang='grc' dir='ltr'><strong>ἢ</strong></span> <span class='ocrx_word' id='word_1_163' title='bbox 523 3326 641 3418; x_wconf 81' lang='grc' dir='ltr'>γραπτέον</span> <span class='ocrx_word' id='word_1_164' title='bbox 658 3350 741 3406; x_wconf 86' lang='grc' dir='ltr'>οὕτως·</span> <span class='ocrx_word' id='word_1_165' title='bbox 759 3348 794 3398; x_wconf 86' lang='grc' dir='ltr'>ότι</span> <span class='ocrx_word' id='word_1_166' title='bbox 808 3347 909 3418; x_wconf 83' lang='grc' dir='ltr'>μεγάλοι</span> <span class='ocrx_word' id='word_1_167' title='bbox 922 3363 948 3397; x_wconf 86' lang='grc' dir='ltr'>τε</span> <span class='ocrx_word' id='word_1_168' title='bbox 962 3345 1004 3398; x_wconf 84' lang='grc' dir='ltr'>καὶ</span> <span class='ocrx_word' id='word_1_169' title='bbox 1018 3343 1131 3418; x_wconf 83' lang='grc' dir='ltr'>διαυγεῖς.</span> <span class='ocrx_word' id='word_1_170' title='bbox 1148 3349 1236 3412; x_wconf 66' lang='grc' dir='ltr'>»υχνὸν</span> 
     </span>
     <span class='ocr_line' id='line_1_21' title="bbox 269 3436 1124 3513; baseline 0 -23"><span class='ocrx_word' id='word_1_171' title='bbox 269 3437 338 3509; x_wconf 82' lang='grc' dir='ltr'>παρὰ</span> <span class='ocrx_word' id='word_1_172' title='bbox 350 3441 439 3501; x_wconf 76' lang='grc' dir='ltr'>τούτοις</span> <span class='ocrx_word' id='word_1_173' title='bbox 454 3442 655 3513; x_wconf 73' lang='grc' dir='ltr'>ἐρωτοσορισταῖς·</span> <span class='ocrx_word' id='word_1_174' title='bbox 673 3441 786 3512; x_wconf 73' lang='grc' dir='ltr'>ὀφθαλμοὶ</span> <span class='ocrx_word' id='word_1_175' title='bbox 800 3438 900 3513; x_wconf 74' lang='grc' dir='ltr'>μεγάλω</span> <span class='ocrx_word' id='word_1_176' title='bbox 914 3460 940 3492; x_wconf 84' lang='grc' dir='ltr'>τε</span> <span class='ocrx_word' id='word_1_177' title='bbox 954 3439 996 3493; x_wconf 76' lang='grc' dir='ltr'>καί</span> <span class='ocrx_word' id='word_1_178' title='bbox 1011 3436 1124 3511; x_wconf 81' lang='grc' dir='ltr'>διαυγεῖς.</span> 
     </span>
    </p>

    <p class='ocr_par' dir='ltr' id='par_1_10' title="bbox 288 3528 750 3602">
     <span class='ocr_line' id='line_1_22' title="bbox 288 3528 750 3602; baseline -0.004 -19"><span class='ocrx_word' id='word_1_179' title='bbox 288 3579 291 3583; x_wconf 85' lang='grc'>.</span> <span class='ocrx_word' id='word_1_180' title='bbox 307 3531 343 3596; x_wconf 84' lang='grc'>(5)</span> <span class='ocrx_word' id='word_1_181' title='bbox 362 3534 505 3602; x_wconf 83' lang='grc' dir='ltr'>Λευκότερον</span> <span class='ocrx_word' id='word_1_182' title='bbox 517 3539 543 3581; x_wconf 86' lang='grc'>“.</span> <span class='ocrx_word' id='word_1_183' title='bbox 559 3540 587 3596; x_wconf 94' lang='lat' dir='ltr'>A,</span> <span class='ocrx_word' id='word_1_184' title='bbox 601 3528 750 3602; x_wconf 81' lang='grc' dir='ltr'>λευκότερον.</span> 
     </span>
    </p>

    <p class='ocr_par' dir='ltr' id='par_1_11' title="bbox 307 3623 751 3694">
     <span class='ocr_line' id='line_1_23' title="bbox 307 3623 751 3694; baseline 0.002 -22"><span class='ocrx_word' id='word_1_185' title='bbox 307 3625 343 3686; x_wconf 83' lang='grc' dir='ltr'>(ό)</span> <span class='ocrx_word' id='word_1_186' title='bbox 363 3623 428 3685; x_wconf 79' lang='grc' dir='ltr'>Καὶ,</span> <span class='ocrx_word' id='word_1_187' title='bbox 446 3630 475 3674; x_wconf 92' lang='lat' dir='ltr'>A.</span> <span class='ocrx_word' id='word_1_188' title='bbox 488 3625 700 3694; x_wconf 80' lang='grc' dir='ltr'>θπεργέγραπται·</span> <span class='ocrx_word' id='word_1_189' title='bbox 716 3626 751 3674; x_wconf 75' lang='grc' dir='ltr'>ἐκ.</span> 
     </span>
    </p>

    <p class='ocr_par' dir='ltr' id='par_1_12' title="bbox 307 3716 666 3786">
     <span class='ocr_line' id='line_1_24' title="bbox 307 3716 666 3786; baseline 0.006 -21"><span class='ocrx_word' id='word_1_190' title='bbox 307 3721 343 3785; x_wconf 91' lang='lat'>(7)</span> <span class='ocrx_word' id='word_1_191' title='bbox 363 3722 460 3786; x_wconf 78' lang='grc' dir='ltr'>Πρῶτον</span> <span class='ocrx_word' id='word_1_192' title='bbox 470 3722 497 3765; x_wconf 85' lang='grc'>“.</span> <span class='ocrx_word' id='word_1_193' title='bbox 507 3719 536 3776; x_wconf 87' lang='lat' dir='ltr'>A,</span> <span class='ocrx_word' id='word_1_194' title='bbox 544 3716 666 3786; x_wconf 82' lang='grc' dir='ltr'>πρότερον.</span> 
     </span>
    </p>

    <p class='ocr_par' dir='ltr' id='par_1_13' title="bbox 305 3806 1088 3882">
     <span class='ocr_line' id='line_1_25' title="bbox 305 3806 1088 3882; baseline -0.004 -21"><span class='ocrx_word' id='word_1_195' title='bbox 305 3810 342 3873; x_wconf 90' lang='grc'>(8)</span> <span class='ocrx_word' id='word_1_196' title='bbox 361 3808 463 3878; x_wconf 84' lang='grc' dir='ltr'>Χρόνων.</span> <span class='ocrx_word' id='word_1_197' title='bbox 478 3811 667 3882; x_wconf 81' lang='grc' dir='ltr'>Μεταγραπτίον</span> <span class='ocrx_word' id='word_1_198' title='bbox 681 3806 764 3860; x_wconf 85' lang='grc' dir='ltr'>δοκεῖ·</span> <span class='ocrx_word' id='word_1_199' title='bbox 780 3811 819 3861; x_wconf 81' lang='grc' dir='ltr'>τὸν</span> <span class='ocrx_word' id='word_1_200' title='bbox 832 3806 862 3860; x_wconf 86' lang='grc' dir='ltr'>δὲ</span> <span class='ocrx_word' id='word_1_201' title='bbox 874 3809 987 3878; x_wconf 84' lang='grc' dir='ltr'>πρότερον</span> <span class='ocrx_word' id='word_1_202' title='bbox 998 3809 1088 3876; x_wconf 70' lang='grc' dir='ltr'>χρόνον.</span> 
     </span>
    </p>

    <p class='ocr_par' dir='ltr' id='par_1_14' title="bbox 305 3887 952 3970">
     <span class='ocr_line' id='line_1_26' title="bbox 305 3887 952 3970; baseline 0.005 -21"><span class='ocrx_word' id='word_1_203' title='bbox 305 3902 342 3966; x_wconf 82' lang='grc'>(9)</span> <span class='ocrx_word' id='word_1_204' title='bbox 362 3899 519 3968; x_wconf 85' lang='grc' dir='ltr'>Περιττότερα</span> <span class='ocrx_word' id='word_1_205' title='bbox 530 3908 557 3949; x_wconf 87' lang='grc'>“.</span> <span class='ocrx_word' id='word_1_206' title='bbox 572 3906 601 3960; x_wconf 88' lang='lat' dir='ltr'>A,</span> <span class='ocrx_word' id='word_1_207' title='bbox 615 3902 784 3970; x_wconf 79' lang='grc' dir='ltr'>περιττότερσι.</span> <span class='ocrx_word' id='word_1_208' title='bbox 948 3887 952 3894; x_wconf 40' lang='grc'><strong>’</strong></span> 
     </span>
    </p>
   </div>
   <div class='ocr_carea' id='block_1_7' title="bbox 0 0 1397 4874">
    <p class='ocr_par' dir='ltr' id='par_1_15' title="bbox 0 0 1397 4874">
     <span class='ocr_line' id='line_1_27' title="bbox 0 0 1397 4874; baseline 0 0"><span class='ocrx_word' id='word_1_209' title='bbox 0 0 1397 4874; x_wconf 95' lang='lat' dir='ltr'> </span> 
     </span>
    </p>
   </div>
  </div>
 </body>
</html>
