2768 4874
416 653 878 722 Aurmnvaasronuu.
1058 652 1120 747 175

165 806 274 860 quoque
286 788 326 863 adv
337 790 447 842 Homeri
463 789 559 860 Odyss.
577 811 605 853 ω,
620 810 642 842 v.
662 791 713 842 230
730 790 792 857 (ubi
810 790 890 854 βάτων
906 801 948 844 est
960 791 1034 862 apud
1048 793 1121 862 prin-

165 884 251 954 oipem
268 870 410 954 poenarum
425 881 491 941 ἅπαξ
502 882 646 954 λεγόμενον),
664 894 682 935 t.
697 887 738 948 ΙΙ,
750 902 775 955 p.
791 885 840 935 321
857 894 883 936 et
895 885 961 948 322,
975 884 1017 936 ed.
1035 886 1120 955 Lips.:

164 977 179 1031 ἠ
189 976 260 1039 βάτος
271 977 286 1031 ἢ
296 978 307 1026 ὁ
317 976 396 1038 βάτος.
407 975 547 1027 -Obiter
559 994 657 1028 moneo
670 976 698 1028 in
708 977 822 1030 Scholiis
835 978 953 1048 antiquis
965 977 1000 1029 ad
1011 979 1121 1029 Homeri

165 1066 325 1137 Odysseam‚
344 1067 386 1118 ed.
408 1068 571 1128 Buttmann,
585 1086 611 1137 p.
625 1067 691 1130 423,
708 1068 830 1120 scholion
844 1068 879 1121 ad
898 1069 949 1122 od.
968 1092 993 1135 ν,
1012 1089 1034 1122 v.
1057 1070 1121 1122 103:

166 1161 235 1223 βοὶτος
251 1167 304 1210 κατ’
322 1161 471 1229 ἀντίρρησιν,
487 1161 502 1215 η
521 1157 608 1219 &Gerar
626 1170 654 1211 et
667 1178 699 1212 ex
719 1161 852 1214 Eustathii
869 1162 929 1215 loco
944 1161 1053 1214 laudato
1077 1181 1121 1214 ex-

166 1263 288 1324 cerptum
304 1262 331 1305 et
344 1251 378 1304 ad
392 1251 487 1322 Odyss.
503 1270 568 1313 o‚‘v.
583 1252 634 1304 230
650 1252 823 1305 referendum
836 1272 901 1307 esse.
911 1284 946 1294 -
959 1255 1033 1306 Τόσαι
1049 1255 1122 1327 apud

166 1344 434 1399 Passowiumvitium
447 1355 487 1397 est
499 1344 668 1416 typothetae,
679 1345 754 1419 quod
768 1345 871 1415 indeju
884 1343 1065 1412 Blaesianam,
1079 1365 1124 1398 ne·

166 1438 307 1506 gligentius
319 1437 433 1489 omnino
445 1455 570 1501 exonam,
585 1438 702 1509 irrepsit.
726 1434 742 1455 “’
904 1437 906 1442 ’

196 1528 328 1599 thunium]
346 1533 386 1582 Ita
404 1529 574 1582 manifestum
590 1530 746 1601 typothetae
759 1549 878 1583 ormnem
892 1532 1044 1596 emendavi,
1059 1551 1121 1584 nam

158 1615 256 1693 'Supph
271 1621 352 1674 habet
366 1621 468 1692 ημοξαν,
484 1625 561 1675 Rom.
580 1623 622 1675 ed.
640 1622 739 1692 ἧμυξαν.
759 1623 914 1676 Eichstaedt
928 1624 1019 1677 laudat
1039 1625 1122 1677 schol.

162 1713 196 1764 ad
210 1713 346 1766 Theocrit.
359 1713 400 1766 Id.
413 1714 457 1776 13,
471 1733 501 1784 71
515 1715 630 1783 εοὶμίσσω
641 1715 688 1786 γὰρ
700 1716 728 1766 τὸ
743 1713 787 1765 διὰ
801 1713 867 1784 ξυροῦ
879 1716 919 1772 τὴν
934 1717 1012 1786 σοὶρκα
1022 1719 1113 1787 τέμνω.-

197 1806 292 1856 Πόσοιι
306 1807 465 1876 μέλιτται]
477 1809 518 1858 Ita
528 1805 597 1858 bene
608 1816 636 1858 et
649 1809 725 1859 Rom.
741 1816 769 1858 et
778 1807 886 1879 Suppi.,
900 1825 956 1860 non
965 1809 1037 1860 πόσα.

196 1900 286 1953 Τουτὶ
309 1899 367 1971 δη]
390 1905 421 1954 ln
442 1902 548 1970 vulgata
568 1899 595 1952 δὲ
618 1902 775 1954 Eiehstaedt
793 1913 819 1954 et
844 1900 972 1955 Chardon
992 1904 1061 1956 hene
1080 1922 1123 1955 ac-

164 1994 315 2064 quiescunt.

198 2085 264 2135 Εἴθε
284 2085 372 2136 αὐτοῦ
396 2082 499 2154 σύριγξ
517 2083 679 2154 ἐγενόμην]
697 2084 819 2147 Courier,
833 2085 865 2136 V.
875 2101 951 2155 g.,p.
963 2103 1022 2153 209,
1034 2084 1125 2139 iaudat

165 2176 266 2228 sontem
278 2175 359 2227 huius
371 2174 424 2226 loci
439 2174 542 2227 scoiion
552 2185 644 2227 vetus:

287 2311 339 2361 Εἴθε
348 2312 408 2380 λύρα
420 2310 481 2366 καλὴ
493 2309 600 2381 γενοίμην
615 2310 765 2378 ἐλεφαντίνη,

287 2402 335 2453 Καί
347 2421 376 2471 με
388 2400 455 2452 καλοί
464 2399 550 2461 παῖδες
559 2403 648 2472 φέροιεν
660 2404 773 2454 Διονύσιον
784 2405 805 2462 ἐς
816 2403 895 2473 χορόν.

288 2495 336 2545 Εἴθ’
345 2493 434 2564 ἄπυρον
444 2496 515 2546 καλὸν
524 2494 633 2567 γενοίμην
644 2497 710 2567 μέγα
719 2495 825 2564 χρυσίον,

289 2587 337 2637 Καί
348 2607 379 2656 με
388 2588 449 2643 καλὴ
460 2587 517 2658 γυνὴ
528 2587 608 2656 φοροίη
618 2589 721 2657 καθαρὸν
730 2589 811 2656 θεμένη
822 2588 882 2639 νόον.

202 2723 250 2780 Τίς
267 2725 315 2779 τὴν
333 2723 441 2793 λάλον]
462 2724 565 2774 Vitium
582 2733 708 2774 accentus
729 2722 855 2774 editionis
873 2725 949 2775 Rom.
973 2725 1043 2775 λαλίν
1065 2742 1126 2776 cum

111 2848 116 2857 .
170 2815 353 2875 Eichstaedtio
365 2826 392 2867 et
405 2816 541 2868 Passowio
554 2815 701 2868 emendavi.

204 2899 252 2959 ἵνα
273 2927 308 2978 με
332 2906 533 2976 κατακοιμίζῃ
554 2908 740 2979 φλεγομένη]
755 2907 892 2977 Ciampius
910 2906 947 2957 ait
968 2906 1075 2957 Furiam
1096 2906 1129 2957 ie·

171 3000 237 3068 gisse
252 3001 426 3070 κατακοιμίσῃ,
445 3002 489 3052 cui
508 3000 623 3052 Courier
636 3017 692 3050 nou
708 2998 856 3070 respondit.
876 2999 933 3049 Etsi
951 2997 1003 3048 hoc
1017 2998 1054 3049 ita
1072 3015 1129 3050 sese

172 3091 322 3156 habuisset,
343 3103 432 3144 tamen
455 3091 491 3144 ob
505 3092 704 3161 grammaticam
721 3091 911 3142 Courierianae
932 3090 1041 3142 lectioni
1062 3102 1130 3144 esset

173 3181 382 3234 adhaerendum.
401 3182 456 3234 Cfr.
476 3183 617 3247 Matthiae,
632 3184 679 3235 Gr.
700 3200 738 3250 gr.
764 3181 858 3254 amph,
880 3200 906 3253 p.
928 3202 978 3250 992
1000 3192 1026 3233 et
1042 3200 1130 3253 seqq„

173 3277 187 3341 §
201 3275 259 3327 518.
272 3305 307 3313 -
322 3276 375 3326 Pro
395 3277 525 3351 φλεγρμένη
544 3276 677 3328 correctio
699 3275 806 3327 evidens
822 3260 956 3327 (iourierii
973 3277 1130 3346 φθεγγομένης

175 3365 359 3418 Eiehstaedtio
373 3364 498 3436 probata,
512 3365 635 3419 firmatur
649 3384 725 3418 versu
741 3373 756 3428 4
769 3365 966 3436 epigrammatis
979 3365 1119 3419 Simmiae:

332 3492 426 3562 Tapouroi
438 3492 472 3544 δι’
485 3493 601 3565 ἀγλώασώ
614 3496 763 3565 φθεγγομένα
771 3494 901 3560 πόματος,

177 3620 282 3673 allatoa
293 3619 450 3682 Chardone,
467 3620 515 3690 qui
534 3618 604 3670 idem
621 3620 783 3690 epigramma
799 3618 885 3670 susius
899 3617 1133 3690 explicatMiseell.

177 3723 195 3764 t.
212 3716 237 3777 Ι,
257 3733 282 3784 p.
304 3720 427 3782 rod-107.
446 3743 480 3752 -
497 3711 611 3780 Vulgata
628 3722 718 3764 autem
736 3709 805 3782 παρὰ
824 3710 855 3763 τὰ
874 3712 948 3780 ἄντρα
966 3711 1134 3763 coniecturae

176 3805 245 3875 παρὰ
256 3807 283 3857 τὸ
299 3807 380 3875 ἄντρον
394 3803 428 3857 ab
438 3803 619 3856 Eiohstaedtio
631 3814 656 3855 et
667 3822 682 3856 a
692 3804 835 3857 Chardone
847 3803 1004 3874 praefertur.
1014 3803 1135 3870 Utraque

180 3896 331 3949 emendatio
345 3899 371 3949 in
383 3897 475 3968 Suppi.
489 3915 504 3948 e
514 3897 632 3964 margine
642 3897 668 3947 in
680 3906 834 3949 contextum
846 3897 994 3981 irrepserat.
