2768 4874
502 603 759 670 PRAEFATIO.
1071 625 1108 668 ix

156 739 229 832 plar
239 739 518 808 Contcdinianum
527 741 656 808 mendis
663 752 870 823 accentuum,
879 762 983 830 quum
993 740 1028 806 in
1036 763 1109 806 con·

158 872 261 942 textu,
277 872 348 925 tum
367 860 560 950 praesertim
583 860 616 926 in
636 859 724 926 notis
738 871 857 943 scatet3
872 857 1042 949 quamvis,
1059 882 1111 948 pa-

157 977 234 1070 gina
250 976 300 1045 ed.
316 982 412 1046 Rom.
432 980 493 1072 147
503 976 716 1071 excepta,ubi
729 975 814 1044 male
824 962 887 1068 pro
898 973 995 1069 ψυχὴν
1009 974 1110 1042 habet

156 1091 265 1188 ψυγήν,
282 1119 357 1187 pag.
374 1098 470 1162 Rom.
492 1093 559 1164 103
577 1098 661 1163 τοῦτ’
680 1102 821 1189 ὁμολογεῖ
830 1107 863 1161 et
879 1094 914 1160 in
930 1106 1010 1160 nota
1024 1098 1109 1161 τοῦτ’

154 1218 310 1306 ὁμολογοῖ,
328 1225 361 1278 et
374 1236 407 1303 p.
430 1207 494 1280 163
512 1213 607 1278 Rom.
625 1211 734 1297 tort,
748 1235 809 1304 per
824 1209 950 1277 litteras
966 1210 1053 1302 ipsas
1070 1209 1112 1276 sit

155 1328 470 1396 emendatissimum.
482 1329 592 1415 Quam
605 1354 675 1396 rem
688 1326 771 1395 nihil
781 1342 831 1395 est
840 1326 931 1420 quod
940 1326 1113 1393 miremur·

156 1447 219 1512 Vir
232 1447 459 1538 sagacissimus
475 1447 576 1533 enim,
593 1461 632 1515 ut
648 1448 718 1540 ipse
730 1448 795 1531 ait,
815 1445 836 1513 l.
850 1444 872 1512 l.
888 1460 911 1512 t.
932 1448 964 1531 l,
984 1470 1017 1538 p.
1030 1468 1110 1538 277,

155 1578 353 1630 accentuum
367 1565 476 1657 apices
497 1589 613 1658 graece
631 1563 806 1632 scribendo
826 1586 998 1654 nunquam
1014 1586 1113 1655 appo·

156 1681 267 1767 nebat,
283 1681 442 1775 librisque
456 1697 527 1750 tum
540 1683 694 1751 omnibus
711 1682 780 1750 fere
796 1683 939 1751 carebat.
958 1680 1028 1751 Cfr.
1040 1678 1062 1746 l.
1076 1678 1111 1765 l.,

157 1813 179 1866 t.
197 1804 250 1884 ΙΙ,
269 1825 302 1893 p.
323 1799 367 1869 32
384 1782 417 1869 et
435 1799 491 1872 33.
508 1805 597 1869 Hace
612 1803 693 1869 vitia
708 1802 832 1894 ubique
850 1799 965 1868 sedulo
981 1795 1110 1867 sustuli.

155 1915 381 1986 Nihilominus
399 1920 477 1986 novi
497 1921 632 2011 quidam
653 1944 780 1987 errores
803 1921 838 1986 in
856 1918 946 1987 huuc
960 1933 1112 1985 nostrum

155 2032 278 2102 librum
300 2018 522 2129 irrepserunt,
547 2039 684 2105 minoris
706 2038 867 2106 momenti
892 2036 1049 2128 quidem,
1079 2049 1114 2103 at

46 2163 48 2166 ’
155 2175 283 2218 errores
312 2166 444 2238 tamen,
473 2168 609 2247 propter
636 2179 718 2244 quos
743 2153 840 2221 valde
866 2153 949 2219 mihi
978 2155 1113 2236 irascor,

154 2294 366 2363 quorumque
379 2270 522 2337 indicem
534 2271 576 2336 ad
589 2269 710 2336 calcem
728 2269 805 2336 libri
817 2269 974 2335 invenies.
986 2271 1113 2338 Verum

154 2388 244 2454 enim
267 2412 347 2454 vero
374 2386 498 2455 librum
521 2413 540 2456 a
567 2387 695 2456 mendis
713 2412 835 2481 purum
854 2385 973 2471 edere,
996 2386 1030 2452 id
1048 2410 1114 2452 om-

156 2505 236 2571 nino
255 2503 327 2571 fieri
352 2530 419 2572 non
443 2530 555 2597 posse,
578 2529 686 2591 nunc,
712 2530 817 2597 quum
842 2504 1022 2598 specimina
1043 2504 1113 2596 ipsc

156 2620 295 2714 perlegi,
315 2646 392 2688 cum
412 2621 625 2689 Boissonadio
646 2621 689 2689 ad
702 2623 892 2715 Syntipam,
912 2646 944 2713 p.
968 2619 1056 2709 213,
1072 2619 1115 2687 la·

159 2739 296 2808 tendum
312 2741 421 2808 credo.

206 2860 344 2928 Auctior
358 2859 468 2951 priore
482 2858 593 2952 prodit
609 2858 690 2925 haec
708 2858 828 2945 editio,
847 2842 1029 2950 etquidem
1041 2853 1114 2948 plu-

159 2974 251 3044 ribus
269 2976 304 3043 in
322 2977 482 3069 partibus.

209 3094 309 3178 Loci,
333 3096 390 3186 qui
409 3095 451 3162 ab
479 3094 606 3162 editore
630 3095 664 3161 in
690 3095 776 3162 notis
795 3095 862 3162 suis
881 3092 1059 3161 laudantur
1080 3094 1114 3160 iu

160 3227 369 3299 transcursu,
405 3214 510 3282 sicubi
535 3214 686 3281 invenire
714 3239 768 3283 eos
793 3213 876 3281 mihi
901 3213 1115 3300 succedebat,

160 3332 381 3399 accuratiores
403 3331 613 3416 exhibentur,
631 3333 835 3425 paginaeque
851 3329 904 3398 vel
921 3332 1029 3425 capita
1046 3331 1115 3398 edi·

162 3451 311 3535 tionum,
340 3473 421 3541 quas
450 3451 483 3516 in
510 3450 664 3518 manibus
693 3449 873 3535 habebam,
896 3451 931 3517 in
957 3451 1114 3521 Auctario

162 3567 487 3635 animadversionum
509 3567 709 3635 indicantur.
735 3566 836 3654 Quod
859 3567 992 3660 quidem
1020 3569 1117 3636 raris·

162 3687 244 3755 sime
263 3685 333 3753 fieri
353 3686 471 3778 potuit.
495 3687 581 3755 Nam
598 3686 789 3753 Courierius
803 3710 997 3779 graecorum
1013 3687 1116 3754 Scho-

163 3801 331 3871 liastarum
357 3803 398 3869 ad
421 3805 524 3870 instar
545 3816 695 3869 auctores
725 3802 856 3887 laudat,
894 3803 968 3870 idco
998 3805 1116 3869 merito
