2768 4874
309 653 374 733 144
507 651 692 719 A‘orror
725 608 1045 717 ΠοιΜΕΝιιιοιν

302 827 330 889 ἐν
349 828 394 902 τῷ
414 811 587 913 παραδείσῳ
603 819 775 886 λανθάνων·
794 818 844 885 καὶ
864 819 965 912 καιρὸν
985 822 1066 891 ήκειν
1085 808 1262 912 διαλλαγῶν

297 971 374 1062 ’πρὸς
400 970 491 1035 αὐτὸν
512 961 657 1059 νομίζων,
677 965 760 1044 τινὰς
780 976 841 1032 τῶν
862 976 912 1032 τοῦ
935 956 1079 1033 Ᾰστυλου
1100 966 1261 1033 νεανίσκων

298 1114 494 1214 προσλαόὼν,
516 1109 696 1209 μεταδιώκει
718 1116 771 1182 τὸν
798 1118 946 1207 Δρύαντα.
970 1115 1033 1183 Καὶ
1055 1115 1190 1209 ἡγεῖσθαι
1211 1141 1262 1183 κε-

294 1269 403 1346 λεόσας
425 1267 473 1335 ἐπὶ
489 1269 543 1341 τήν
559 1277 615 1333 τοῦ
632 1256 794 1356 Λάμπιδος
811 1267 949 1347 ἔπαυλιν,
970 1267 1114 1334 συνέτεινε
1130 1257 1260 1358 δρόμον·

295 1418 346 1484 καὶ
366 1412 549 1485 καταλαόὼν
574 1413 644 1508 ἀρτι
668 1412 829 1510 εἰσάγοντα
851 1419 906 1490 τήν
933 1415 1057 1500 Χλόην,
1084 1413 1196 1488 ἐκείνην
1227 1441 1263 1482 τε

294 1562 485 1656 ἀφαιρεῖται,
506 1559 557 1628 καὶ
577 1558 750 1653 ἀνθρώπους
765 1560 914 1655 γεωργοὺς
933 1560 1096 1633 ουνηλόησε
1114 1566 1259 1653 πληγαῖς.

293 1698 472 1788 Εσποόδαζε
495 1701 529 1776 δὲ
552 1710 674 1776 καὶτὸν
701 1709 827 1802 Λάμπιν
846 1684 959 1795 δήσας,
982 1707 1063 1804 ἄγειν
1088 1717 1128 1790 ὡς
1147 1710 1261 1804 αἰχμά-

241 1867 391 1926 ιιιλωτον
411 1862 445 1926 ἐκ
462 1860 594 1950 πολέμου
613 1859 710 1944 τινὸς,
729 1857 754 1924 εἰ
777 1862 818 1950 μή
840 1858 956 1951 φθάσας
977 1851 1107 1951 ἀπέδρα.
1134 1864 1260 1955 Κατορ-

291 2008 389 2091 θώσας
416 1999 450 2074 δὲ
479 1997 655 2082 τηλικοῦτον
683 2008 788 2103 ἔργον,
811 2009 919 2088 νυκτὸς
943 2009 1111 2101 ἀρχομένης
1135 2011 1260 2104 ἀπανίρ·

289 2181 385 2249 χεται.
412 2156 475 2222 Καὶ
503 2156 630 2249 τὸνμὲν
653 2155 873 2246 Διονυσοφάνην
898 2154 1024 2248 εὑρίσκει
1048 2146 1256 2243 καθειίδυντα,

289 2306 343 2372 ’τὸν
369 2296 404 2371 δὲ
431 2303 541 2397 Δάφνιν
568 2305 796 2399 ἀγρυπνοῦντα,
820 2304 871 2370 καὶ
899 2305 941 2370 ότι
968 2308 998 2372 ἐν
1025 2314 1071 2391 τῷ
1094 2308 1256 2399 περικήπῳ

289 2445 469 2549 δακρόοντα.
496 2454 647 2548 Προσάγει
675 2444 713 2527 δή
736 2451 792 2528 τήν
816 2451 920 2526 Χλόην
943 2457 1040 2539 αὐτῷ,
1069 2454 1120 2520 καὶ
1146 2445 1255 2535 διδοὺς

287 2593 436 2695 διηγεῖται
452 2599 575 2670 πάντα·
601 2602 651 2668 καὶ
676 2593 776 2668 δεῖται
803 2593 898 2694 μηδὲν
920 2603 964 2668 ότι
989 2613 1251 2694 μνησικακοῦντα,

286 2744 394 2820 δοῦλον
421 2756 475 2818 οὐκ
501 2747 652 2843 ἄχρηστον
680 2752 773 2842 ἔχειν,
802 2742 881 2843 μηδὲ
901 2750 1060 2842 ἀφελέσθαι
1080 2746 1249 2846 τραπέζης,

284 2903 348 2996 μεθ’
373 2904 409 2979 ἢν
435 2895 608 2979 τεθνήξεται
629 2907 721 2993 λιμῷ.
749 2887 778 2969 O
803 2892 838 2967 δὲ
862 2892 953 2987 ἰδὼν,
979 2902 1030 2970 καὶ
1045 2904 1134 2994 ,ἔχων
1151 2889 1196 2994 (¹)
1217 2907 1247 2971 ἐν

283 3059 350 3131 ταῖς
367 3052 451 3146 χερσὶ
473 3039 597 3136 Χλόην,
615 3061 660 3138 τῷ
679 3051 731 3143 μὲν
753 3056 793 3128 ὡς
810 3054 946 3146 εὐεργέτῃ
966 3043 1187 3137 διηλλάττετο,
1206 3061 1247 3146 τῇ

281 3195 318 3268 δὲ
331 3204 403 3295 ὑπὲρ
420 3212 474 3280 τῆς
493 3199 631 3292 ἀμελείας
648 3200 836 3293 ἀπελογεῖτο.

336 3353 388 3416 30.
400 3353 624 3449 Βουλευομίνοις
637 3341 672 3416 δὲ
689 3354 787 3429 αὐτοῖς
802 3342 899 3418 ἐδόκει
912 3351 963 3417 τὸν
976 3351 1074 3445 γάμον
1085 3354 1244 3448 κρύπτειν,

168 3478 170 3483 ’
280 3499 355 3589 ἔχειν
382 3489 416 3563 δὲ
437 3503 534 3593 κρύφα
561 3505 618 3576 τὴν
644 3499 765 3585 Χλόην,
789 3499 863 3594 πρὸς
885 3501 977 3592 μόνην
1003 3503 1245 3594 ὁμολογήσαντα

314 3794 352 3863 (1)
371 3784 391 3845 ὁ
408 3789 435 3844 δὲ
451 3793 467 3843 ί.
485 3812 508 3843 κ.
521 3794 582 3857 ἔχων
592 3801 618 3843 “.
635 3800 682 3857 ΑΒ,
699 3792 749 3847 όδὲ
768 3793 826 3848 ἰδὼν
841 3794 916 3852 Χλόην
929 3793 970 3847 καὶ
986 3795 1047 3861 ἔχων
1060 3796 1083 3847 ἀν
1101 3797 1154 3854 ταῖς
1171 3796 1243 3866 χερσὶ

277 3887 360 3941 Χλόην.
