2768 4874
256 647 300 726 42
459 643 642 710 ΛΟΓΓΟΥ
673 643 996 719 ΠΟΙΜΕΝΙΚΩΝ

256 815 349 880 ποτὸν
372 818 474 890 αὐτοῖς
492 808 691 906 πρεσύύτερον
708 810 795 896 οἶνον,
814 812 865 879 καὶ
884 822 944 879 τῶν
963 811 1106 903 ἀμπελων
1124 804 1158 878 δὲ
1175 801 1218 904 (¹)

255 958 309 1041 τάς
329 963 536 1055 ταπεινοτέρας
556 963 721 1056 ἀπετρύγα.
745 967 843 1028 Πᾶσα
856 959 1013 1057 γὰρ-κατὰ
1028 965 1083 1035 τὴν
1100 957 1218 1028 Λέοόον

256 1113 291 1186 ἦν
317 1109 451 1203 ἄμπελος
477 1115 619 1196 ταπεινὴ,
647 1116 680 1178 ού
708 1115 875 1206 μετέωρος,
905 1103 976 1178 οὐδὲ
1006 1103 1216 1205 ἀναδενέρὰς,

257 1259 336 1327 ἀλλὰ
354 1261 437 1327 κάτω
461 1258 502 1326 τὰ
522 1263 667 1352 κλίματα
685 1260 902 1343 ἀποτείνουσα,
921 1261 971 1326 καὶ
990 1265 1088 1353 ὥσπερ
1101 1260 1215 1337 κιττὸς

257 1411 418 1500 νεμομένη·
438 1407 488 1472 καὶ
506 1415 576 1485 παῖς
595 1404 629 1473 ἀν
649 1407 779 1500 ἐφίκοιτο
801 1407 942 1500 βότρυος,
957 1403 1028 1500 ἀρτι
1044 1404 1098 1485 τὰς
1113 1415 1216 1499 χεῖρας

258 1564 290 1625 ἐκ
308 1557 486 1650 σπαργάνων
503 1561 671 1648 λελυμένος.

312 1775 341 1815 2.
363 1745 435 1814 Οἷον
454 1744 503 1814 οὖν
521 1747 598 1825 εἰκὸς
619 1751 648 1812 ἐν
668 1753 752 1840 ἑορτῇ
767 1750 907 1817 Διονύσου
927 1749 979 1821 καὶ
992 1748 1066 1817 οἴνου
1084 1753 1218 1842 γενέσει,

256 1899 286 1964 αί
302 1898 354 1988 μὲν
372 1904 508 1990 γυναῖκες
530 1901 563 1965 ἐκ
582 1907 641 1963 τῶν
661 1899 786 1974 πλησίον
808 1899 908 1991 ἀγρῶν
928 1898 966 1977 εἰς
985 1902 1155 1991 ἐπικουρίαν
1172 1885 1225 1990 (²)

252 2047 450 2136 κεκλημέναι,
485 2057 530 2133 τῷ
562 2037 690 2138 Δάρνιδι
725 2047 792 2125 τοὺς
825 2047 995 2141 ὀφθαλμοὺς
1029 2043 1216 2130 ἐπέύαλλον,

252 2195 302 2262 καὶ
321 2198 443 2288 ἐπόνουν
468 2202 508 2275 ὡς
530 2198 628 2288 ὅμοιον
649 2204 695 2283 τῷ
718 2199 852 2282 Διονύσῳ
881 2197 916 2263 τὸ
938 2202 1059 2274 κάλλος.
1088 2195 1150 2261 Καί
1166 2220 1216 2274 τις

251 2356 310 2412 τῶν
332 2347 519 2438 θρασυτέρων
542 2347 593 2412 καὶ
609 2346 748 2436 ἐριλησε,
767 2346 817 2412 καὶ
836 2347 887 2414 τὸν
911 2345 1022 2438 Δάρνιν
1042 2337 1214 2439 παρώξυνε,

249 2498 303 2568 τὴν
324 2485 360 2559 δέ
377 2495 480 2566 Χλόην
506 2497 661 2568 ἐλύπησεν.
682 2496 721 2563 Οἱ
742 2486 775 2560 ἐέ
791 2497 820 2560 ἐν
841 2501 907 2572 ταῖς
931 2500 1049 2577 ληνοῖς,
1072 2493 1214 2571 ποικιλας

249 2605 348 2734 φυνάς
379 2646 515 2735 ἕρριπτομ
538 2644 588 2711 ἐπὶ
618 2649 673 2720 την
697 2644 820 2729 Χλόην,
845 2645 914 2727 καὶ,
940 2649 1038 2741 ὥσπερ
1067 2642 1118 2715 ,ἐπί
1142 2670 1213 2711 τινα
1288 2692 1291 2699 .

250 2793 370 2884 Βιίκχην
399 2792 540 2886 Σάτυροι,
568 2796 764 2886 μανικώτερον
788 2785 930 2877 ἐπήδων,
956 2794 1006 2860 καὶ
1026 2796 1150 2886 εὔχοντο
1172 2781 1210 2886 (¹)

206 2957 233 2994 ⁵³
246 2943 381 3035 γενέσθαι
394 2939 530 3033 ποίμνια,
547 2947 597 3008 καὶ
612 2946 661 3010 ὑπ’
678 2941 787 3020 ἐκείνης
801 2942 951 3033 νέμεσθαι·
969 2948 1048 3015 ὥστε
1063 2941 1101 3008 αὖ
1114 2942 1209 3011 πάλιν
1264 2936 1267 2943 ’

245 3099 264 3165 η
282 3094 335 3182 μὲν
352 3084 456 3176 ἥέετο,
470 3091 582 3183 Διίρνις
600 3083 635 3159 ἐέ
651 3097 798 3162 ἐλυπεῖτο.
817 3093 954 3184 Εύχοντο
970 3083 1005 3158 ἐέ
1026 3084 1064 3167 δὴ
1089 3096 1208 3184 ταχέως

244 3243 415 3309 παύσασθαι
435 3244 486 3311 τὸν
508 3243 671 3336 τρυγητὸν,
686 3242 737 3311 καὶ
749 3238 896 3310 λαόίοθαι
913 3250 974 3310 τῶν
995 3243 1126 3316 συνηθων
1137 3269 1205 3339 χω-

246 3391 330 3482 ρίων,
350 3390 417 3474 καὶ,
444 3391 512 3457 ἀντὶ
539 3402 593 3471 τῆς
618 3393 749 3484 ἀμούσου
780 3395 875 3479 βοῆς,
902 3392 1015 3460 ἀκούειν
1041 3394 1204 3487 σύριγγος,

277 3696 314 3762 (1)
330 3698 369 3756 Δι’,
378 3701 424 3745 AB.

276 3791 315 3855 (α)
335 3781 485 3857 Ϊῑπυιιυρίαν.
502 3794 548 3847 ΔΒ,
565 3791 595 3847 ι’ἐς
610 3791 743 3859 ἐπικουρίαν
757 3793 817 3843 οἴνου
833 3792 981 3859 κικλιιμίνοιι.

275 3881 312 3943 (3)
331 3884 442 3945 Εύχοντι,
459 3888 483 3930 Β.
496 3887 523 3942 Δ,
538 3885 643 3946 ηὔχοντο.
