2768 4874
430 625 586 718 ΛΟΓΟΣ
620 653 882 719 ΔΕΥΤΕΡΟΣ.
1095 649 1140 734 45

186 820 258 887 ποτὲ
278 810 312 884 θέ
337 827 403 898 ταῖς
424 825 557 911 μήκωσιν
576 821 857 914 ὑποκρυππόμενος,
883 825 982 914 ὥσπερ
1003 813 1142 915 πέρθικος

184 969 312 1047 νεοττός.
335 969 444 1037 Καίτοι
473 970 618 1047 πολλάκις
642 971 693 1062 μὲν
721 971 890 1065 πράγματα
917 973 1004 1062 ἐσχον
1028 971 1142 1063 ἐρίφους

184 1120 367 1212 γαλαθηνοὺς
387 1109 524 1183 θιώκων·
543 1118 689 1196 πολλάκις
716 1111 751 1185 θέ
776 1121 885 1211 ἐκαμον
911 1121 1058 1211 μεταθέων
1084 1119 1142 1212 μθ·
1156 1149 1182 1188 ιο

186 1295 276 1360 σχους
302 1269 542 1361 άρτιγενννίτους·
567 1265 646 1333 άλλὰ
671 1278 760 1334 τοῦτο
776 1268 911 1335 ποικιλον
932 1296 963 1334 τι
987 1279 1091 1363 χρῆμα
1107 1268 1142 1343 ἦν

186 1416 237 1482 καὶ
253 1416 413 1507 ἀθάρατον.
438 1417 552 1507 Καμὼν
571 1411 638 1499 οὖν,
661 1422 699 1493 ὡς
720 1419 832 1510 γέρων,
855 1418 907 1483 καὶ
925 1418 1144 1509 ἐπερεισάμενος

185 1574 224 1657 τῇ
246 1564 411 1658 βακτηρίᾳ,
435 1562 484 1629 καὶ
500 1564 565 1656 ἅμα
585 1565 747 1656 φυλάττων
767 1570 808 1657 μή
829 1569 921 1659 φύγῃ,
939 1567 1143 1658 ἐπυνθανόμην

86 1786 88 1790 Α
184 1713 260 1790 τίνος
285 1711 350 1779 ἐστὶ
376 1721 436 1777 τῶν
462 1712 625 1805 γειτόνων,
656 1712 706 1778 καὶ
727 1712 757 1777 τί
783 1713 963 1805 βουλόμενος
985 1714 1143 1805 ἀλλότριον

185 1871 280 1934 κῆπον
308 1866 414 1954 πρυγᾷ.
447 1847 475 1927 ί)
502 1852 557 1945 θέ,
586 1861 765 1953 ἀπεκρίνατο
798 1861 849 1951 μὲν
875 1852 978 1927 οὐθέν·
1009 1861 1084 1940 στὰς
1109 1853 1144 1929 θέ
1189 1916 1193 1940 ,

186 2012 329 2096 πλησίον,
346 2013 433 2104 ἐγέλα
446 2013 524 2077 πάνυ
543 2012 672 2095 ἁπαλὸν,
689 2011 739 2076 καὶ
756 2007 865 2077 ἐθαλλέ
880 2038 916 2102 με
932 2019 996 2090 τοῖς
1011 2017 1145 2106 μύρτοις,

186 2162 257 2245 καὶ,
284 2165 339 2226 οὐκ
363 2151 420 2226 οἷδ’
440 2164 538 2243 ὅπως,
561 2160 660 2253 ἔθελγε
684 2162 789 2250 μηκέτι
810 2160 983 2251 θυμοῦσθαι.
1006 2151 1145 2253 Εθεόμην

188 2308 238 2376 οὖν
257 2309 296 2386 εἰς
312 2314 412 2402 χεῖρας
429 2308 537 2393 ελθεῖν,
563 2300 658 2400 μηθὲν
684 2304 865 2400 φοθοιίμενον
883 2310 944 2393 ἐτι,
963 2310 1014 2376 καὶ
1032 2313 1146 2402 ὤμνυον

187 2456 271 2524 κατὰ
290 2467 351 2525 τῶν
381 2459 497 2550 μιίρτων
529 2458 670 2548 ἀφήσειν,
696 2448 816 2535 ἐπιθοὺς
843 2461 946 2550 μήλων
970 2459 1020 2526 καὶ
1046 2467 1147 2552 ῥοιῶν,

188 2602 322 2701 παρέξειν
342 2632 376 2672 τε
392 2605 438 2672 ἀεὶ
454 2609 565 2700 τρυγᾷν
583 2605 622 2672 τὰ
640 2570 722 2697 φυτά
740 2607 790 2673 καὶ
810 2599 927 2700 δρέπειν
944 2594 987 2700 (¹)
1003 2607 1043 2676 τὰ
1061 2605 1147 2693 άνθη,

190 2759 287 2848 τυχὼν
315 2759 385 2848 παρ’
408 2758 502 2821 αὐτοῦ
520 2740 562 2846 (²)
587 2757 757 2845 φιλάματος
784 2755 857 2832 ἑνός.

243 2907 272 2972 5.
307 2932 319 2956 ν
331 2892 488 2987 Ενταῦθα,
505 2903 583 2970 πάνυ
603 2903 735 2995 καπυρὸν
755 2904 897 2997 γελάσας,
918 2906 1021 2996 ἀφίησι
1038 2910 1147 2996 φωνὴν,
1162 2997 1165 3004 .

191 3056 254 3122 οἵαν
282 3057 351 3121 οὔτε
377 3045 521 3144 χελιθὼν,
552 3055 622 3118 οὔτε
650 3043 770 3137 ἀηθὼν,
799 3056 866 3119 οὔτε
891 3055 1017 3138 κύκνος,
1048 3058 1148 3146 ὅμοιος

193 3178 258 3295 ἐμοὶ
273 3205 364 3297 γέρων
385 3203 551 3296 γενόμενος.
571 3192 652 3294 Εμοὶ
677 3203 745 3295 μὲν,
769 3200 792 3268 ὦ
813 3206 951 3286 Φιλητᾶ,
980 3205 1102 3295 φιλῆσαί
1118 3230 1150 3270 σε
1163 3226 1188 3266 οι

193 3352 281 3431 πόνος
300 3343 410 3429 οὐθείς·
437 3354 584 3444 βούλομαι
605 3349 662 3446 γὰρ
682 3353 828 3443 φιλεῖσθαι
847 3356 983 3443 μᾶλλον,
1004 3353 1022 3427 ἢ
1041 3356 1075 3423 σὺ
1100 3381 1149 3449 γε-

193 3503 292 3570 νέσθαι
310 3502 389 3578 νέος·
407 3502 462 3593 ὅρα
480 3491 532 3584 θὲ,
551 3499 577 3566 εἴ
593 3527 640 3566 σοι
657 3501 721 3566 καθ’
738 3499 855 3572 ἠλικίαν
873 3502 907 3567 τὸ
925 3493 1032 3593 θῶρον.
1051 3494 1149 3572 Θθθέν

231 3788 267 3850 (1)
286 3785 390 3853 Δρέπειν,
405 3786 451 3831 ΑΒ.

233 3879 269 3943 (²)
289 3881 349 3944 Παρ’
365 3877 445 3934 αὐτοῦ,
461 3878 507 3924 AB:
