2768 4874
263 625 282 705 ι
466 627 649 690 λοννοι
680 623 1000 690 Ποιοιοινικοιν

317 820 344 859 2.
370 783 412 860 Εν
441 784 520 875 τῷθε
540 803 585 879 τῷ
607 793 689 885 ἀγρῷ
722 794 816 882 νέμων
839 791 982 875 αἰπόλος,
1008 793 1121 882 Λάμων
1147 795 1225 859 τοό-·

261 970 355 1034 νομα,
377 933 498 1019 παιθίον
524 940 603 1036 εὗρεν
623 942 682 1008 ὑπὸ
703 941 787 1033 αἰγὸς
813 940 1002 1034 τρεφόμενον.
1024 943 1146 1034 Δρυμὸς
1163 940 1217 1024 ἧν,

260 1093 311 1158 καὶ
332 1078 435 1183 λόχμη
467 1091 569 1175 βάτων
591 1077 651 1181 (¹),
673 1089 728 1156 ’καὶ
754 1091 858 1168 κιττὸς
884 1093 1141 1181 ἐπιπλανόμινος,
1165 1089 1218 1156 καὶ

260 1241 322 1309 πόα
338 1242 493 1332 μαλθακὴ,
513 1239 578 1317 καθ’
595 1239 629 1318 οἷς
648 1241 744 1306 έκιιτο
764 1241 801 1306 τὸ
817 1230 952 1306 παιθίον.
971 1226 1112 1306 Ενταῦθα
1130 1245 1148 1314 ἠ
1169 1232 1228 1317 αἲξ.

260 1392 368 1458 θέουσα
383 1391 521 1482 συνεχὲς,
538 1390 652 1481 ἀφανὴς
668 1387 782 1482 ι’γίνιτο
794 1387 957 1474 πολλάκις,
977 1386 1028 1454 καὶ
1047 1388 1100 1456 τὸν
1118 1389 1218 1481 ἔριφον

260 1540 467 1622 ἀπολιποῦσα,
489 1548 534 1624 τῷ
557 1539 657 1631 βρέφει
675 1540 831 1630 παρέμενε.
847 1535 1000 1604 (Ιλιλάττει
1019 1531 1075 1614 τὰς
1090 1526 1218 1629 θιαθρο-

219 1733 232 1768 8
261 1685 319 1779 μὰς
343 1693 359 1753 ό
384 1687 514 1778 Λάμων,
541 1685 688 1791 οἰμτείρας
717 1686 917 1778 ἀμελούμενον
943 1688 997 1753 τὸν
1024 1687 1140 1779 ἔριφον·
1166 1683 1219 1751 καὶ
1243 1776 1246 1781 Ι

196 1852 200 1859 ’
259 1833 445 1931 μεσημβρίας
465 1830 655 1929 ἀκμαζούσης
684 1841 752 1904 κατ’
769 1835 850 1928 ἴχνος
873 1828 1063 1929 ε’λθὼν,’ὁρᾷ
1085 1838 1141 1909 τὴν
1163 1837 1217 1928 μὲν

259 1982 332 2081 αἶγα
350 1988 585 2079 πεφυλαγμένως
605 1981 848 2079 περιόεόηκυῖαν,
869 1991 910 2077 μὴ
928 1992 995 2064 ταῖς
1015 1990 1122 2077 χηλαῖς
1142 1983 1216 2070 βλά-
1306 1965 1311 1973 ¹

222 2150 228 2159 '
257 2161 330 2204 πτοι
350 2136 493 2205 πατοῦσα
511 2137 548 2205 τὸ
568 2139 675 2228 βρέφος
694 2123 754 2228 (²),
773 2137 812 2202 τὸ
831 2127 881 2219 θὲ,
900 2141 999 2229 ὥσπερ
1012 2140 1056 2202 ἐκ
1073 2137 1217 2227 μητρῴας

258 2288 348 2365 θηλῆς
366 2291 420 2362 τὴν
440 2264 578 2380 ἐπιρροθν
600 2289 691 2353 ἕλκον
709 2295 765 2352 τοῦ
780 2284 937 2380 γάλακτος
956 2271 1011 2377 (⁸).
1029 2282 1216 2375 Θαυμάσας,

258 2441 358 2531 ὥσπερ
384 2437 460 2514 εἰκὸς
487 2433 539 2520 ἦν,
564 2436 713 2528 πρόσεισιν
738 2437 845 2530 ἐγγὺς,
869 2434 920 2501 καὶ
947 2433 1071 2528 εὑρίσκει
1093 2425 1216 2502 παιθίον

258 2580 356 2676 ἀβρεν,
374 2584 453 2677 μέγα
473 2583 523 2650 καὶ
544 2582 655 2667 καλὸν,
674 2582 725 2650 καὶ
747 2593 802 2660 τῆς
822 2580 904 2649 κατὰ
922 2560 979 2657 την
994 2583 1104 2650 ἔκθεσιν
1121 2584 1216 2674 τόχης

256 2740 285 2802 ἐν
303 2733 485 2828 σπαργάνοις
503 2735 667 2829 κρείττοσι.
682 2725 848 2802 Χλανίθιόν
862 2721 905 2826 (⁴)
923 2760 957 2800 τε
976 2731 1034 2828 γὰρ
1054 2731 1090 2807 ἦν
1108 2735 1216 2826 ἁλουρ-

227 2872 230 2879 ’
255 2889 319 2978 γὲς,
332 2884 383 2951 καὶ
403 2885 505 2979 πόρπη
521 2861 640 2977 χρυσῆ,
661 2885 712 2950 καὶ
731 2877 858 2977 ξιφίδιον
874 2883 1132 2977 ἐλεφαντόκωπον.

307 3035 338 3102 3.
358 3031 403 3099 Τὸ
429 3032 482 3124 μὲν
508 3027 558 3098 οὖν
582 3040 703 3124 πρῶτον
726 3026 924 3098 ἐβουλεύσατο
945 3030 1023 3124 μόνα
1044 3027 1086 3098 τὰ
1111 3030 1215 3124 γνωρί-

254 3207 359 3273 σματα
370 3179 539 3285 βαστάσας,
553 3179 701 3272 ἀμελῆσαι
716 3188 771 3245 τοῦ
788 3180 928 3272 βρέφους
941 3180 1048 3246 ἔπειτα
1057 3169 1212 3256 αἰδεσθεὶς,

210 3390 212 3394 .
253 3327 278 3393 εἰ
297 3318 374 3418 μηδὲ
392 3327 476 3420 αἰγὸς
497 3327 718 3420 φιλανθρωπίαν
737 3328 922 3417 μιμήσεται,
946 3328 1042 3393 νόκτα
1060 3321 1211 3418 φυλάξας,

286 3605 323 3668 (ι)
342 3600 470 3661 Βάτων,λ.
486 3607 512 3661 Β,
528 3600 602 3650 κάτω.

286 3697 322 3761 (ι)
341 3697 454 3743 Πατοῦοα
468 3693 495 3741 τὸ
510 3691 608 3760 βρέφος,
623 3686 680 3741 τόθι
694 3691 715 3738 *.
732 3695 778 3751 AB,
793 3697 917 3752 πατοῦοα,
933 3688 997 3741 πόθε.

209 3854 212 3861 ,
284 3787 320 3852 (3)
340 3786 468 3841 Γάλακτος,
483 3783 624 3852 Θαυμάσας,
639 3789 667 3833 Α.
686 3790 711 3841 Β,
726 3783 844 3854 γάλακτος
859 3783 898 3834 καὶ
914 3787 983 3852 θαυμ.

285 3885 320 3945 (A)
341 3870 475 3936 Χλοινίόιον,
490 3883 527 3926 AB
