2768 4874
411 597 567 663 ΛΟΓΟΣ
600 598 804 665 ΠΡΩΤΟΣ.
997 643 1001 651 ,
1034 599 1076 670 15

121 764 144 830 εἰ
167 768 381 858 τρυφερώτερον
402 763 444 838 εἴη
471 754 647 859 πειρωμένη.
675 765 754 852 Καὶ,
777 767 850 834 πότε
876 768 1005 863 μὲνγὰρ
1026 772 1075 838 ι’πὶ

119 903 246 1005 θυσμαῒς
268 911 303 987 ἦν
324 919 340 980 ό
360 918 459 999 ἥλιος,
484 914 643 988 άπηλασαν
670 914 725 994 τὰς
751 914 859 1010 ἄγελας
882 909 1000 1004 οἵκαθε,
1024 919 1075 987 καὶ

118 1063 271 1130 ἐπεπόνθει
290 1064 376 1136 Χλόη
397 1065 536 1157 περιττὸν
557 1051 599 1157 (¹)
621 1057 726 1151 οὐθὲν,
746 1070 794 1132 ότι
820 1071 860 1159 μη
881 1066 990 1159 Δάφνιν
1010 1072 1076 1137 ἐπε-

117 1212 200 1304 θόμει
223 1212 385 1304 λουόμενον
413 1205 528 1280 ἰδέσθαι
554 1214 656 1282 πάλιν.
684 1221 746 1292 Τῆς
773 1206 808 1283 θλ
834 1216 1007 1310 ὑσπεροιίας,
1034 1224 1074 1296 ὡς

114 1359 187 1434 ἧκον
205 1360 244 1440 εἰς
260 1365 314 1437 πλν
335 1367 445 1454 νομην,
462 1368 478 1430 ὁ
495 1364 548 1456 μὲν
567 1363 677 1455 Δάφνις
693 1364 750 1431 ὑπό
764 1390 808 1457 πρ
820 1355 942 1459 θρυῒτῇ
959 1367 1074 1441 συνηθει

115 1504 308 1601 καθεζόμενος
328 1513 477 1604 έσόριπτε,
497 1511 548 1578 καὶ
570 1512 635 1604 άμοι
654 1509 710 1590 τὰς
733 1506 820 1605 αἶγας
848 1499 890 1605 (²)
916 1514 1074 1582 ἐπεσκόπει

114 1661 330 1750 κατακειμένας
350 1658 402 1726 καὶ
426 1663 525 1751 ὥσπερ
550 1669 610 1726 τῶν
635 1666 732 1751 μελῶν
758 1659 948 1752 ἀκροωμένοις
970 1646 1030 1752 (³),
1054 1668 1073 1734 ἡ

88 1797 149 1909 Ιθὲ
171 1809 275 1894 Χλόη,
302 1808 428 1882 πλησίον
453 1810 622 1903 καθημένη,
649 1809 699 1875 καὶ
719 1813 774 1883 την
798 1809 906 1903 ἀγέλην
937 1809 989 1901 μὲν
1014 1819 1073 1876 τῶν
1162 1802 1167 1819 ’

112 1950 271 2046 προόάτων
294 1953 456 2044 ἐπέόλεπε,
477 1960 513 2024 τὸ
535 1949 570 2024 θὲ
590 1959 679 2025 πλέον
702 1958 741 2035 εἰς
761 1958 873 2049 Δάφνιν
900 1961 996 2049 ἑώρα·
1024 1959 1074 2024 καὶ

111 2095 208 2170 έθόκει
237 2105 327 2182 καλὸς
357 2104 433 2198 αὐτῇ
463 2106 608 2197 συρίπτων
638 2106 746 2191 πάλιν,
778 2103 942 2183 καὶ-αὗθις
976 2106 1072 2173 αἰτίαν

110 2246 225 2343 ἐνόμιζε
240 2257 293 2326 πλν
311 2258 453 2345 μουσικὴν
469 2263 522 2349 ποθ
542 2253 688 2339 κάλλους,
714 2258 793 2320 ὥστε
812 2259 877 2347 μετ’
898 2256 1004 2321 ἐκεῖνον
1024 2255 1074 2321 καὶ

110 2411 187 2482 αὐτὴ
203 2411 259 2481 τὴν
276 2409 403 2500 σύριγγα
418 2401 544 2490 ἔλαθεν,
561 2404 664 2481 εἴποις
685 2404 801 2496 γένοιτο
818 2403 867 2469 καὶ
885 2407 961 2479 αὐτὴ
980 2408 1069 2479 καλό.

109 2539 219 2624 Ιῗπεισε
249 2547 285 2623 θὲ
314 2557 402 2623 αὐτὸν
436 2556 486 2622 καὶ
510 2554 674 2622 λούσασθαι
701 2550 803 2638 πολιν,
835 2552 887 2618 καὶ
912 2553 1071 2644 λουόμενον

108 2698 188 2794 εἴθε,
222 2706 273 2774 καὶ
308 2698 414 2789 ἰθοῦσα
450 2702 569 2793 ἥψατο,
605 2702 662 2777 ,καὶ
700 2703 814 2777 ἀπῆλθε
854 2702 945 2769 πάλιν
988 2706 1072 2769 ἐπαι-

108 2971 182 3038 μένοις
204 2970 354 3040 γέγραπται’
378 2968 413 3018 ἔτι
437 2964 536 3024 κάλλους
557 2961 618 3016 ἴθιον
640 2962 681 3015 καὶ
703 2964 730 3015 τὸ
751 2966 903 3016 πολύπτοιτον
931 2965 1072 3037 καλούμενον

108 3066 197 3129 σχῆμα.
215 3051 281 3113 ὅπου
295 3078 324 3131 γε
337 3059 457 3130 γραπτέον
471 3054 510 3115 ἤν·
528 3058 577 3108 ἔστι
591 3056 689 3127 κάλλους
705 3056 788 3108 αἴτιον.
804 3058 853 3108 Καὶ
868 3053 936 3125 παρὰ
952 3057 1069 3127 λογγίνῳ·

109 3154 183 3206 αἴτιον
197 3161 237 3207 τοῦ
251 3154 348 3223 κόσμου.

146 3261 182 3323 (1)
201 3258 320 3327 Περιπόν.
335 3260 404 3310 Οὗτοι
419 3255 460 3307 καὶ
475 3257 498 3307 ἐν
513 3260 547 3324 τῷ
563 3250 587 3303 θ’
602 3254 681 3331 λόγῳ·
698 3255 763 3320 Χλόρ
782 3253 824 3320 μέν
839 3250 907 3305 οὐθὲν
921 3257 1020 3324 χρηστὸν
1034 3250 1070 3315 όν,

109 3351 145 3402 ότι
160 3350 194 3418 μὴ
208 3355 247 3408 τῆς
263 3350 368 3409 ἐπιούσης
382 3348 533 3420 ὀφθησόμενος
549 3350 560 3399 ό
576 3348 667 3418 Δάφνις.

144 3465 181 3527 (ι)
200 3459 247 3520 Τὰς
263 3454 333 3531 αἶγας
342 3466 368 3508 “.
384 3465 414 3520 λ,
428 3459 470 3520 τὰς
486 3460 581 3531 ἀγέλας·
600 3457 639 3510 ἴθι
654 3460 711 3520 οἶνοι,
728 3460 749 3508 σζ
767 3457 801 3506 ιε’,
813 3476 849 3507 σε.
868 3455 893 3514 ιζ’

144 3566 181 3632 (3)
200 3553 365 3636 Ᾰκροοιμένσις.
380 3594 414 3602 -
430 3553 551 3635 λλκίφρων
573 3565 594 3614 ἐν
610 3563 754 3621 ἐπιστολαῖς·
776 3562 799 3613 έν
814 3563 889 3631 τούτῳ
904 3559 947 3627 δὲ,
968 3565 1009 3613 οὐκ
1024 3555 1071 3612 οἷδ’

108 3660 185 3720 ὅπως,
205 3660 250 3710 ὐπὸ
270 3663 310 3716 της
328 3654 463 3726 ἠθυφωνίιις
482 3656 619 3727 θιλγόμεναι
637 3656 713 3707 πᾶσαί
732 3674 773 3725 μοι
792 3654 937 3720 πανταχόθεν
957 3655 983 3705 αἱ
1006 3647 1071 3724 αἶγες

106 3752 282 3821 περιεχόθησσιν,
301 3749 342 3803 καὶ
364 3751 458 3820 ἀφεῖσαι
479 3751 532 3806 τοὺς
553 3749 670 3817 κομάρους
691 3747 731 3800 καὶ
751 3749 790 3799 τὸν
812 3749 941 3816 ἀνθέρικον,
962 3745 1015 3795 όλαι
1029 3751 1069 3797 τοῦ

107 3847 190 3913 μέλους
205 3847 316 3915 ἐγένοντο.
