2768 4874
493 661 650 724 ΛΟΓΟΣ
679 661 882 724 ΠΡΩΤΟΣ.
1122 653 1163 724 3⁶

1149 712 1159 748 l

206 828 329 919 σάμιναι
343 819 480 901 πηδῶσιν
500 829 539 907 εἰς
557 832 611 902 τήν
628 828 791 896 θάλασσαν.
811 827 915 894 Βιαίου
936 819 971 893 δὲ
986 819 1166 919 πηδήματος
1180 858 1205 895 ιο

206 976 244 1054 είς
265 981 315 1043 ἕνα
334 985 434 1068 τοῖχον
460 987 514 1056 τῆς
540 981 611 1056 νεὼς
638 979 811 1070 γενομένω,
830 975 880 1043 καὶ
905 981 938 1043 ἐκ
965 985 1020 1054 τῆς
1044 978 1166 1067 ίμπτώ-

206 1152 278 1205 σιως
297 1138 358 1193 τῶν
388 1131 465 1211 βοῶν
487 1126 590 1206 κοίλης
610 1135 663 1204 τῆς
687 1126 837 1204 θαλάσσης
867 1117 1049 1208 διαστάσης,
1080 1127 1166 1218 στρέ-

205 1298 291 1364 φεται
311 1275 363 1365 μὲν
384 1281 402 1348 ή
427 1284 512 1360 ναῦς,
532 1274 652 1340 καὶτοῦ
673 1265 824 1353 κλύδωνος
845 1274 1014 1358 συνιόντος,
1034 1274 1165 1341 άπύλλυ·

203 1450 265 1492 ται,
291 1425 331 1490 Οἱ
356 1416 390 1491 δὲ
411 1423 615 1508 ἐκπίπτουσιν,
635 1427 694 1516 οὐχ
717 1423 821 1516 ὁμοίαν
842 1427 958 1516 ἔχοντες
982 1416 1094 1491 ἐλπίδα
1112 1450 1167 1489 σω·

207 1570 320 1666 τηρίας.
345 1572 384 1640 Οἱ
412 1573 464 1664 μὲν
491 1572 549 1666 γάρ
573 1573 683 1666 λῃσταὶ
705 1571 760 1652 τοῖς
787 1572 936 1668 μαχαίρας
962 1579 1166 1667 παρήρτηντο,

206 1717 316 1786 καὶτὰ
338 1720 525 1816 ἡμιθωράκια
549 1713 707 1789 λεπιδωτδι
728 1713 921 1806 ἐνεδίδοντο,
947 1723 998 1790 καὶ
1018 1713 1167 1814 κνημῖδας

207 1870 246 1947 εἰς
262 1871 353 1962 μέσην
371 1874 485 1962 κνήμην
501 1863 694 1939 ὑπεδέδεντο·
712 1878 728 1937 ὁ
747 1863 781 1938 δὲ
793 1870 903 1963 Δάφνις
919 1863 1107 1950 άνυπύδητος
1116 1860 1167 1955 (¹),

207 2023 247 2095 ὡς
272 2022 301 2086 ἐν
328 2011 424 2105 πεδίῳ
451 2023 566 2112 νέμων,
594 2020 644 2086 καὶ
669 2019 853 2114 ἡμίγυμνος,
881 2028 920 2099 ὡς
943 2023 986 2088 ἔτι
1010 2031 1064 2098 τῆς
1090 2027 1168 2114 (θροις

205 2167 294 2245 οὔσης
309 2160 526 2258 καυματώδους
540 2156 588 2254 (¹).
605 2157 743 2247 Εκείνους
759 2170 812 2260 μὲν
831 2167 879 2236 οὖν
901 2174 946 2237 ἐπ’
964 2170 1064 2263 ὀλίγον
1080 2164 1168 2247 νηξα-
1224 2198 1228 2207 ’

206 2320 310 2407 μένους
328 2313 367 2381 τὰ
387 2317 467 2383 ὅπλα
489 2320 669 2410 κατήνεγκεν
689 2317 730 2396 είς
752 2318 861 2403 βυθόν·
887 2324 902 2384 ὁ
924 2309 959 2384 δὲ
983 2317 1092 2409 Δάφνις
1113 2323 1169 2393 τήν

207 2467 260 2557 μὲν
288 2466 400 2539 ἐσθῆτα
430 2456 540 2559 ῥᾳδίως
566 2458 740 2534 ἀπεδύσατο
759 2453 824 2560 (³),
851 2464 917 2560 περὶ
948 2458 1058 2541 δὲτὴν
1088 2461 1168 2545 νῆξιν

207 2616 348 2706 ἔκαμνεν,
378 2612 425 2680 οἷα
454 2614 597 2709 πρότερον
626 2614 787 2708 νηχόμενος
819 2620 848 2684 ἐν
878 2624 1025 2709 ποταμοῖς
1057 2617 1167 2708 μόνοις.

207 2750 332 2862 Ῠστερον
356 2759 411 2852 δὲ,
435 2765 518 2862 παρὰ
543 2778 598 2845 τῆς
620 2768 752 2863 ἀνάγκης
775 2770 810 2836 τὸ
828 2773 973 2863 πρακτέον
996 2763 1168 2862 διδαχθεὶς,

211 2913 249 2990 εἰς
270 2917 362 3006 μίσας
383 2919 501 3008 ὥρμησε
522 2911 576 2992 τδις
597 2918 680 2998 βοῦς·
702 2915 753 2982 καὶ
774 2907 828 2982 δύο
852 2920 929 3001 βοῶν
950 2916 1083 3008 κεράτων
1103 2921 1208 2993 ταῖςιν

210 3051 264 3125 δύο
286 3059 370 3152 χερσὶ
390 3054 572 3152 λαύύμενος,
597 3053 750 3152 ἐκομίζετο
768 3063 857 3152 μέσος
879 3061 1001 3137 ἀλύπως
1022 3059 1073 3125 καὶ
1095 3059 1169 3128 ἀπύ-

205 3235 278 3288 νως,
299 3212 398 3301 ὥσπερ
416 3209 544 3275 ἐλαύνων
562 3202 690 3301 ἅμαξαν.
712 3212 847 3301 Νήχεται
864 3202 898 3274 δὲ
918 3206 977 3300 άρα
998 3212 1082 3293 βοῦς,
1099 3209 1167 3276 ὅσον

205 3346 274 3451 οὐδὲ
291 3352 461 3447 άνθρωπος·
482 3356 569 3447 μόνον
591 3356 729 3424 λείπεται
745 3368 805 3424 τῦιν
827 3349 953 3449 ἐνύδρων
977 3357 1095 3450 ὀρνίθων
1112 3345 1165 3447 (⁴),

241 3575 277 3636 (1)
296 3558 462 3632 Δνυπύδητυς,
477 3575 505 3621 Α.
523 3578 548 3632 Β,
566 3553 717 3631 ἀνυπύδιτες.
740 3574 872 3641 Γραπτίσν·
891 3575 902 3625 ύ
919 3571 948 3624 δὲ
963 3571 1091 3645 Δάρνιςήν
1114 3575 1166 3627 &vu-

205 3649 317 3711 πύδητες.
336 3643 455 3710 θιῦτως·
472 3650 499 3710 ήν
515 3651 544 3703 δὲ
557 3654 641 3722 Δάφνις
656 3655 724 3705 άνυπ.

242 3740 278 3800 (τ)
297 3733 478 3804 Καυματώδους
487 3736 508 3785 *.
524 3744 571 3798 ΑΒ,
585 3738 714 3805 καύματος.

242 3819 278 3883 (3)
298 3808 448 3881 Δπιδύσιιτο,
464 3827 492 3870 Δ.
510 3827 536 3881 Β,
554 3817 682 3871 α’πιδύιτυ.

242 3906 277 3967 (Δ)
297 3892 406 3971 ὀρνίθων,
423 3909 451 3956 Δ.
467 3911 493 3966 Β,
507 3911 553 3956 τῶν
569 3902 671 3974 ἐνύδρων
686 3903 727 3956 καὶ
741 3909 817 3959 αὐτῶν
833 3907 878 3972 ῖχθ
