2768 4874
196 745 259 790 102
394 722 580 803 ΛΟΓΓΟΥ
611 716 931 787 ΠΟΙΜΕΝΙΚΩΝ

158 931 161 943 ·
192 890 281 971 ἀνθος
297 892 475 984 ἀκμάσασα,
486 898 554 970 ταῖς
572 891 714 982 Νόμραις
731 888 915 993 συνεχόρευε,
935 895 1003 963 ταῖς
1015 886 1155 964 Μούσαις

192 1034 331 1134 συνῇδεν·
360 1038 483 1133 ἀρρενας
507 1032 542 1106 δέ
562 1041 665 1132 έρευγε
684 1038 823 1120 πάντας,
843 1036 895 1104 καὶ
912 1035 1086 1127 ἀνθρώπως
1104 1034 1155 1101 καὶ

137 1201 140 1212 “
191 1192 295 1276 θεοὺς,
312 1197 440 1282 φιλοῦσα
458 1190 513 1258 τὴν
530 1188 701 1282 παρθενίαν.
721 1175 833 1254 ΟΠάν
849 1178 1000 1279 όργέζεται
1014 1194 1052 1276 τῇ
1068 1183 1154 1277 κόρῃ,

193 1351 247 1418 τῆς
270 1351 414 1433 μουσικῆς
432 1342 567 1432 ρθονῶν,
589 1349 642 1405 τοῦ
665 1335 794 1415 κάλλους
818 1339 859 1428 μὴ
879 1338 1003 1426 τυχών·
1029 1333 1081 1400 καὶ
1100 1358 1157 1421 μα-

192 1490 256 1556 νίαν
276 1486 422 1581 ἐμόάλλει
450 1496 514 1568 τοῖς
539 1490 662 1583 ποιμέσι
686 1487 737 1552 καὶ
764 1493 830 1562 τοῖς
856 1483 1005 1560 αἰπόλοις.
1030 1483 1072 1548 Οἱ
1100 1473 1156 1566 δὲ,

193 1642 292 1730 ὥσπερ
316 1642 399 1716 κόνες
422 1639 441 1712 ἢ
465 1640 570 1722 λόκοι,
596 1629 766 1704 διασπῶσιν
793 1637 901 1718 αι’ντδν,
929 1632 981 1699 καὶ
1004 1631 1160 1725 ῥίπτουσιν
1185 1702 1188 1710 ,

193 1784 233 1863 εἰς
247 1772 289 1877 (¹)
309 1764 410 1854 πᾶσαν
426 1789 480 1860 τὴν
497 1795 553 1878 γῆν
569 1787 616 1852 έτι
634 1776 754 1874 ᾅδοντα
770 1781 814 1850 τὰ
826 1785 917 1875 μέλη.
938 1780 1002 1847 Καὶ
1019 1777 1059 1847 τὰ
1078 1782 1158 1871 μέλη

194 1936 251 2020 Γῆ,
279 1928 458 2029 χαριζομένη
480 1935 638 2027 Νόμραις,
664 1930 773 2027 ἔκρυψε
800 1932 914 2000 πάντα.
943 1931 1006 1998 Καὶ
1032 1934 1161 2023 έτόρησε

195 2089 251 2160 τὴν
277 2089 442 2177 μουσικὴν,
470 2084 522 2152 καὶ
544 2089 649 2179 γνώμῃ
677 2090 810 2153 Μουσῶν
837 2083 941 2175 ἀρίησι
965 2085 1082 2176 ρωνὴν,
1108 2080 1160 2148 καὶ

196 2242 333 2327 μιμεῖται
354 2233 472 2320 πάντα,
500 2234 634 2326 καθάπερ
660 2233 773 2308 τότεὴ
802 2233 892 2325 κόρη,
917 2231 1019 2315 θεοὺς,
1045 2230 1160 2324 ἀνθρώ-

196 2409 286 2467 πους,
306 2383 430 2476 ὄργανα,
449 2358 553 2475 θηρία·
571 2390 709 2475 μιμεῖται
724 2382 775 2449 καὶ
793 2382 886 2449 αὐτὸν
906 2380 1090 2475 συρίττοντα
1106 2379 1160 2447 τὸν

147 2562 184 2603 ιεε
197 2535 296 2599 Πάνα.
320 2519 349 2598 O
375 2523 410 2596 δὲ
435 2531 581 2616 ἀκούσας,
614 2523 759 2621 ἀναπηδᾷ
784 2531 836 2597 καὶ
861 2523 963 2598 διώκει
992 2527 1076 2598 κατὰ
1100 2539 1162 2597 τῶν

198 2686 291 2775 ὀρῶν,
310 2683 366 2747 οὐκ
390 2683 464 2773 ἐρῶν
489 2689 589 2774 τυχεῖν
609 2682 677 2749 αἿθ(
701 2681 719 2756 ἢ
746 2692 798 2749 τοῦ
825 2683 944 2775 μαθεῖν,
967 2680 1013 2760 τίς
1039 2686 1121 2749 ἐστιν
1146 2685 1163 2746 ὁ

195 2829 350 2898 λανθάνων
371 2830 541 2922 μαθητής.»
563 2837 673 2898 Ταῦτα
690 2831 939 2926 μυθολογέσαντα
962 2831 1015 2897 τὸν
1034 2830 1165 2923 Δάρνιν,

199 2982 232 3046 οὐ
252 2971 328 3048 δέκα
347 2979 437 3072 μόνον
456 2982 630 3072 ριλιόματα,
650 2976 730 3048 ἀλλά
748 2981 826 3048 πάνυ
845 2979 945 3048 πολλὰ
962 2977 1165 3071 κατεφίλησεν

199 3134 217 3201 η’
234 3129 332 3202 Χλόη·
352 3140 457 3225 μικροῦ
476 3127 599 3224 γὰρκαὶ
619 3129 659 3197 τὰ
675 3128 756 3197 αὐτὰ
773 3127 852 3199 εἶπεν
866 3116 907 3224 (²)
926 3116 1016 3222 Ηχὼ,
1029 3126 1166 3222 καθάπερ

201 3290 414 3370 μαρτυροῦσα,
433 3284 482 3347 ότι
499 3272 593 3372 μηδὲν
608 3278 765 3370 ἐψεύσατο.

255 3456 306 3528 24.
327 3453 515 3545 Θερμοτέρου
531 3443 567 3519 δὲ
581 3450 646 3518 καθ’
659 3450 787 3523 ἑκάσιην
798 3453 910 3544 ἡμέραν
922 3453 1099 3544 γιγνομένου
1111 3461 1170 3517 τοῦ

199 3596 300 3682 ἡλίου,
318 3594 365 3663 οἷα
388 3608 442 3664 τοῦ
464 3602 516 3691 μὲν
541 3599 611 3694 ἦρος
633 3603 816 3693 παυομένου,
835 3609 891 3667 τοῦ
908 3592 942 3666 δέ
957 3601 1058 3685 θέρους
1076 3600 1171 3692 ἀρχο-

237 3874 273 3934 (1)
293 3873 332 3928 Εἰς
344 3873 424 3920 πᾶσαν
438 3869 478 3925 τὴν
493 3875 536 3940 γῆν
553 3870 587 3920 έτι
602 3869 701 3938 ᾅδοντα,
716 3879 742 3923 Β.
759 3879 787 3936 Α,
801 3874 831 3932 εἰς
841 3875 921 3925 πᾶσαν
933 3893 978 3944 γηυ
989 3874 1024 3924 ἔτι
1038 3870 1141 3942 ᾅδοντα.

236 3967 272 4029 (ι)
292 3957 365 4015 Εἶπιν
378 3954 447 4029 ἀχώ,
457 3969 484 4013 Β.
497 3967 526 4029 Α,
539 3956 602 4016 εἶπεν
614 3966 629 4019 ἠ
641 3955 708 4032 Ἠχώ.
