2768 4874
277 619 323 689 26
436 651 446 681 ι
479 629 664 694 ΛΟΓΓΟΥ
696 629 1016 695 ΠΟΙΜΕΝΙΚΩΝ

274 795 326 861 καὶ
352 797 483 890 ἀρκιόθῳ
510 809 652 890 ταπεινῇ,
678 799 728 867 καὶ
757 799 916 890 σκολόμοις
944 798 1093 893 ἠγρίωτο·
1122 790 1237 891 ῥᾳδίως

275 941 310 1012 διν
336 949 398 1013 ἐκεῖ
419 947 470 1014 καὶ
500 948 589 1026 λόκος
619 948 755 1024 ἀληθινὸς
783 947 870 1014 ἔλαθε
893 948 980 1039 λόχῳ
1010 933 1065 1039 (¹).
1094 935 1238 1018 Ενταῶθα

275 1091 390 1188 κρύψας
405 1097 524 1181 ἑαυτὸν,
544 1100 752 1190 ἐπιτόρεοτοῢ
772 1107 871 1163 ποτοῦ
889 1099 945 1170 τὴν
964 1094 1042 1190 ὥραν
1061 1101 1077 1162 ὁ
1096 1096 1236 1191 Δόρκων,

189 1225 194 1234 ⁸
275 1243 325 1312 καὶ
346 1248 462 1319 πολλὴν
481 1238 556 1339 ιῖχιν
579 1235 710 1328 ιλπίδα,
738 1254 783 1330 τῷ
802 1245 939 1335 σχήματι
961 1237 1114 1342 φοόόσας,
1130 1239 1236 1311 λαόιῒν

274 1400 341 1471 ταῖς
358 1394 443 1489 χοροὶ
459 1397 515 1468 τὴν
531 1350 645 1469 Χλόην.

328 1569 379 1610 21.
404 1543 520 1636 Χρόνος
545 1540 645 1635 ὀλίγος
671 1531 855 1634 διαγίνιται,
880 1541 932 1607 καὶ
952 1540 1038 1614 Χλόη
1065 1541 1236 1614 κατήλαυνι

273 1689 328 1769 τὰς
345 1691 455 1784 ἀγολας
474 1691 514 1770 εἰς
531 1695 585 1766 τὴν
602 1695 719 1787 πηγὴν,
736 1696 948 1758 καταλιποῦσα
964 1667 1017 1756 τδν
1035 1688 1143 1782 Δάφνιν
1163 1696 1237 1781 φολ-

270 1829 354 1906 λοίδα
372 1836 492 1933 χλωρὰν
517 1839 690 1924 κόπτοντα,
716 1848 779 1917 τοῖς
802 1838 911 1932 ἐρίφοις
936 1838 1048 1935 τροφὴν
1071 1837 1151 1931 μετὰ
1176 1843 1233 1915 τήν

269 1992 373 2083 νομόν.
401 1989 464 2056 Καὶ
485 1992 513 2057 οἱ
541 1992 640 2075 κύνες,
670 1990 698 2056 οἱ
718 2000 779 2056 τῶν
804 1985 968 2084 προόοίτων
991 1993 1169 2081 ἐπιφόλακες
1190 1975 1234 2082 (²)

268 2139 400 2208 καὶτῶν
421 2139 529 2233 αἰγῶν,
552 2140 708 2233 ἑπόμενοι,
734 2138 783 2207 οἷα
808 2131 847 2215 δὴ
874 2150 968 2207 κυνῶν
993 2143 1021 2206 ἐν
1051 2138 1234 2232 ρινηλασίαις

267 2291 419 2386 περιεργία
436 2275 499 2383 (³),
518 2292 688 2382 κινούμενον
706 2291 759 2359 τὸν
779 2289 921 2382 Δόρκωνα
938 2289 1013 2382 πρὸς
1032 2292 1087 2363 τὴν
1104 2288 1233 2381 ἐπίθιφιν

267 2446 322 2515 τῆς
343 2439 432 2531 κόρης
455 2437 665 2532 φωράσαντες,
685 2439 791 2531 πικρὸν
816 2439 901 2531 μαλα
918 2440 1160 2521 ὑλακτόσαντις,
1178 2440 1233 2530 ῶρ

268 2609 366 2676 μησαν
390 2590 429 2662 ὡς
451 2584 500 2652 ἐπὶ
521 2588 630 2651 λόκον·
657 2586 708 2652 κοιὶ
735 2584 945 2679 περισχόντος,
968 2584 1036 2679 πρὶν
1060 2587 1137 2663 ὅλως
1159 2586 1234 2658 aiva:

108 2748 112 2767 ⁸
225 2749 251 2790 ³⁴
267 2743 375 2809 στῆναι
399 2725 439 2800 δι’
459 2728 617 2820 ἔκπληξιν,
644 2726 769 2802 ἔδακνον
794 2732 876 2801 κατδι
907 2745 961 2801 τοῦ
991 2726 1142 2827 δέρματος
1171 2720 1226 2826 (⁴).

264 2885 346 2961 Τέως
367 2884 419 2976 μὲν
440 2881 490 2955 οὖν
507 2884 560 2950 τὸν
577 2885 703 2979 ἔλεγχον
723 2876 913 2977 αίδοόμινος,
931 2884 982 2952 καὶ
1004 2883 1064 2952 ὑπὸ
1086 2893 1141 2950 τοῦ
1158 2873 1226 2975 δέρ-

264 3058 361 3126 ματος
381 3036 595 3112 ἐπισκέποντος
618 3036 854 3129 φρουρούμενος,
881 3034 977 3100 ἔκειτο
1001 3039 1121 3100 σιωπῶν
1140 3033 1226 3124 ἐντῇ

190 3227 201 3254 ,
261 3180 380 3274 λόχμῃ·
398 3181 461 3249 ἐπεὶ
479 3173 514 3249 δὲ
530 3187 550 3258 ἤ
568 3207 601 3248 τι
617 3184 703 3256 Χλόη
720 3181 796 3277 πρὸς
813 3186 868 3257 τλν
885 3184 1009 3277 πρώτην
1028 3182 1097 3248 θίαν
1119 3171 1227 3246 διατα-

263 3329 421 3422 ραχθεῖσα,
444 3330 496 3397 τὸν
517 3331 627 3423 Δοίφνιν
654 3332 752 3398 ἐκοιλιι
777 3331 907 3417 βοηθὸν,
933 3333 1016 3397 οἵτε
1040 3333 1124 3410 κόνες
1144 3354 1225 3422 περι-

309 3623 320 3657 ι
351 3606 432 3677 Λόχῳ,
442 3612 470 3658 Α.
481 3613 507 3669 Β,
521 3613 606 3672 λοχῶν.

352 3691 508 3768 Ιὲπιφόλακις,
516 3705 543 3748 Β.
554 3704 582 3764 λ,
593 3698 631 3750 ἐπὶ
643 3700 754 3770 φυλακήν.

352 3791 487 3862 Περιιργία,
498 3796 544 3840 AB.

352 3886 382 3930 K.
398 3902 419 3932 τ.
434 3879 561 3951 δέρματος,
573 3887 602 3933 λ.
616 3889 643 3944 Β,
654 3881 718 3935 κατὰ
730 3883 824 3953 κροίτος.
