<?xml version="1.0" encoding="UTF-8"?>
<!DOCTYPE html PUBLIC "-//W3C//DTD XHTML 1.0 Transitional//EN"
    "http://www.w3.org/TR/xhtml1/DTD/xhtml1-transitional.dtd">
<html xmlns="http://www.w3.org/1999/xhtml" xml:lang="en" lang="en">
 <head>
  <title>
</title>
<meta http-equiv="Content-Type" content="text/html;charset=utf-8" />
  <meta name='ocr-system' content='tesseract 3.04.00' />
  <meta name='ocr-capabilities' content='ocr_page ocr_carea ocr_par ocr_line ocrx_word'/>
</head>
<body>
  <div class='ocr_page' id='page_1' title='image "./longipastoralia00sinngoog_0230.png"; bbox 0 0 2768 4874; ppageno 0'>
   <div class='ocr_carea' id='block_1_1' title="bbox 140 617 1123 1346">
    <p class='ocr_par' dir='ltr' id='par_1_1' title="bbox 163 617 1123 1046">
     <span class='ocr_line' id='line_1_1' title="bbox 415 617 1121 700; baseline 0.001 -1"><span class='ocrx_word' id='word_1_1' title='bbox 415 636 570 700; x_wconf 73' lang='grc' dir='ltr'>Λοεον</span> <span class='ocrx_word' id='word_1_2' title='bbox 602 635 868 700; x_wconf 72' lang='grc' dir='ltr'>νενεννοε.</span> <span class='ocrx_word' id='word_1_3' title='bbox 983 617 985 620; x_wconf 78' lang='grc'>’</span> <span class='ocrx_word' id='word_1_4' title='bbox 1056 627 1121 700; x_wconf 80' lang='lat'>153</span> 
     </span>
     <span class='ocr_line' id='line_1_2' title="bbox 163 773 1120 897; baseline -0.001 -28"><span class='ocrx_word' id='word_1_5' title='bbox 163 803 254 895; x_wconf 81' lang='grc' dir='ltr'>αἰγῶν</span> <span class='ocrx_word' id='word_1_6' title='bbox 270 773 415 897; x_wconf 82' lang='grc' dir='ltr'>πλείστας</span> <span class='ocrx_word' id='word_1_7' title='bbox 427 803 622 894; x_wconf 73' lang='grc' dir='ltr'>κτησάμενοι,</span> <span class='ocrx_word' id='word_1_8' title='bbox 635 795 763 876; x_wconf 75' lang='grc' dir='ltr'>ἦδίστην</span> <span class='ocrx_word' id='word_1_9' title='bbox 780 795 814 868; x_wconf 80' lang='grc' dir='ltr'>δὲ</span> <span class='ocrx_word' id='word_1_10' title='bbox 827 807 939 896; x_wconf 73' lang='grc' dir='ltr'>τροφὴν</span> <span class='ocrx_word' id='word_1_11' title='bbox 950 797 1120 893; x_wconf 83' lang='grc' dir='ltr'>νομίζοντες</span> 
     </span>
     <span class='ocr_line' id='line_1_3' title="bbox 163 941 1123 1046; baseline 0 -28"><span class='ocrx_word' id='word_1_12' title='bbox 163 956 283 1046; x_wconf 81' lang='grc' dir='ltr'><strong>ὀπώρας</strong></span> <span class='ocrx_word' id='word_1_13' title='bbox 303 941 344 1045; x_wconf 78' lang='lat'>(¹)</span> <span class='ocrx_word' id='word_1_14' title='bbox 364 953 414 1019; x_wconf 92' lang='grc' dir='ltr'>καὶ</span> <span class='ocrx_word' id='word_1_15' title='bbox 430 954 521 1045; x_wconf 84' lang='grc' dir='ltr'>γαλα.</span> <span class='ocrx_word' id='word_1_16' title='bbox 542 943 629 1019; x_wconf 82' lang='grc' dir='ltr'>Ᾰλλά</span> <span class='ocrx_word' id='word_1_17' title='bbox 648 946 698 1020; x_wconf 82' lang='grc' dir='ltr'>καὶ</span> <span class='ocrx_word' id='word_1_18' title='bbox 722 951 806 1046; x_wconf 76' lang='grc' dir='ltr'>ἀῤῥεν</span> <span class='ocrx_word' id='word_1_19' title='bbox 831 953 883 1044; x_wconf 84' lang='grc' dir='ltr'>μὲν</span> <span class='ocrx_word' id='word_1_20' title='bbox 905 945 1027 1020; x_wconf 78' lang='grc' dir='ltr'>παιδίον</span> <span class='ocrx_word' id='word_1_21' title='bbox 1051 954 1123 1020; x_wconf 80' lang='grc' dir='ltr'>ὑπό-</span> 
     </span>
    </p>

    <p class='ocr_par' dir='ltr' id='par_1_2' title="bbox 140 1091 1120 1346">
     <span class='ocr_line' id='line_1_4' title="bbox 140 1091 1120 1198; baseline -0.001 -28"><span class='ocrx_word' id='word_1_22' title='bbox 140 1104 253 1194; x_wconf 87' lang='grc' dir='ltr'>·θηκαν</span> <span class='ocrx_word' id='word_1_23' title='bbox 272 1104 335 1196; x_wconf 82' lang='grc' dir='ltr'><strong>αἰγὶ</strong></span> <span class='ocrx_word' id='word_1_24' title='bbox 356 1091 414 1196; x_wconf 54' lang='grc'>(2),</span> <span class='ocrx_word' id='word_1_25' title='bbox 436 1104 486 1170; x_wconf 87' lang='grc' dir='ltr'>καὶ</span> <span class='ocrx_word' id='word_1_26' title='bbox 508 1104 685 1198; x_wconf 88' lang='grc' dir='ltr'>θυγάτριον,</span> <span class='ocrx_word' id='word_1_27' title='bbox 705 1103 862 1197; x_wconf 82' lang='grc' dir='ltr'>γενόμενον</span> <span class='ocrx_word' id='word_1_28' title='bbox 886 1095 1042 1196; x_wconf 77' lang='grc' dir='ltr'>δεύτερον,</span> <span class='ocrx_word' id='word_1_29' title='bbox 1062 1102 1120 1180; x_wconf 84' lang='grc' dir='ltr'>οἰὸς</span> 
     </span>
     <span class='ocr_line' id='line_1_5' title="bbox 160 1253 1119 1346; baseline 0 -27"><span class='ocrx_word' id='word_1_30' title='bbox 160 1257 281 1320; x_wconf 81' lang='grc' dir='ltr'>ἑλκόσαε</span> <span class='ocrx_word' id='word_1_31' title='bbox 299 1255 392 1326; x_wconf 74' lang='grc' dir='ltr'>θηλὴν</span> <span class='ocrx_word' id='word_1_32' title='bbox 409 1254 569 1328; x_wconf 84' lang='grc' dir='ltr'>ἐποίησαν·</span> <span class='ocrx_word' id='word_1_33' title='bbox 589 1255 641 1322; x_wconf 82' lang='grc' dir='ltr'>καὶ</span> <span class='ocrx_word' id='word_1_34' title='bbox 657 1254 801 1323; x_wconf 77' lang='grc' dir='ltr'>ἐκάλεσαν</span> <span class='ocrx_word' id='word_1_35' title='bbox 820 1253 956 1346; x_wconf 79' lang='grc' dir='ltr'>τὸνμὲν,</span> <span class='ocrx_word' id='word_1_36' title='bbox 976 1253 1119 1320; x_wconf 84' lang='grc' dir='ltr'>Φιλοποί-</span> 
     </span>
    </p>
   </div>
   <div class='ocr_carea' id='block_1_2' title="bbox 159 1394 1121 1498">
    <p class='ocr_par' dir='ltr' id='par_1_3' title="bbox 159 1394 1121 1498">
     <span class='ocr_line' id='line_1_6' title="bbox 159 1394 1121 1498; baseline 0.001 -30"><span class='ocrx_word' id='word_1_37' title='bbox 159 1428 245 1492; x_wconf 87' lang='grc' dir='ltr'>μενα,</span> <span class='ocrx_word' id='word_1_38' title='bbox 267 1409 319 1478; x_wconf 72' lang='grc' dir='ltr'>τὴν</span> <span class='ocrx_word' id='word_1_39' title='bbox 340 1395 386 1487; x_wconf 77' lang='grc' dir='ltr'>δὲ,</span> <span class='ocrx_word' id='word_1_40' title='bbox 405 1394 535 1498; x_wconf 77' lang='grc' dir='ltr'>Ᾰγόλην.</span> <span class='ocrx_word' id='word_1_41' title='bbox 561 1410 666 1483; x_wconf 84' lang='grc' dir='ltr'><strong>Οὕτως</strong></span> <span class='ocrx_word' id='word_1_42' title='bbox 688 1404 774 1472; x_wconf 88' lang='grc' dir='ltr'>αὐτοὶ</span> <span class='ocrx_word' id='word_1_43' title='bbox 791 1404 946 1472; x_wconf 86' lang='grc' dir='ltr'>κάνταῦθα</span> <span class='ocrx_word' id='word_1_44' title='bbox 964 1407 1121 1497; x_wconf 79' lang='grc' dir='ltr'>σονεγνίρα-</span> 
     </span>
    </p>
   </div>
   <div class='ocr_carea' id='block_1_3' title="bbox 160 1539 1173 1647">
    <p class='ocr_par' dir='ltr' id='par_1_4' title="bbox 160 1539 1173 1647">
     <span class='ocr_line' id='line_1_7' title="bbox 160 1539 1173 1647; baseline -0.001 -31"><span class='ocrx_word' id='word_1_45' title='bbox 160 1577 214 1617; x_wconf 93' lang='grc' dir='ltr'>σαν</span> <span class='ocrx_word' id='word_1_46' title='bbox 231 1539 292 1642; x_wconf 72' lang='lat'><strong>(³),</strong></span> <span class='ocrx_word' id='word_1_47' title='bbox 315 1555 366 1621; x_wconf 87' lang='grc' dir='ltr'>καὶ</span> <span class='ocrx_word' id='word_1_48' title='bbox 383 1555 419 1620; x_wconf 86' lang='grc' dir='ltr'>τὸ</span> <span class='ocrx_word' id='word_1_49' title='bbox 442 1551 548 1647; x_wconf 84' lang='grc' dir='ltr'>ἀντρον</span> <span class='ocrx_word' id='word_1_50' title='bbox 567 1556 749 1645; x_wconf 81' lang='grc' dir='ltr'>ἐκόσμησαν,</span> <span class='ocrx_word' id='word_1_51' title='bbox 768 1554 818 1622; x_wconf 87' lang='grc' dir='ltr'>καὶ</span> <span class='ocrx_word' id='word_1_52' title='bbox 833 1554 947 1631; x_wconf 81' lang='grc' dir='ltr'>εἰκόνας</span> <span class='ocrx_word' id='word_1_53' title='bbox 963 1554 1119 1631; x_wconf 80' lang='grc' dir='ltr'>ἀνέθεσαν,</span> <span class='ocrx_word' id='word_1_54' title='bbox 1135 1565 1173 1604; x_wconf 74' lang='lat'>¹⁸⁶</span> 
     </span>
    </p>
   </div>
   <div class='ocr_carea' id='block_1_4' title="bbox 68 1688 1178 2998">
    <p class='ocr_par' dir='ltr' id='par_1_5' title="bbox 122 1688 1119 2094">
     <span class='ocr_line' id='line_1_8' title="bbox 157 1688 1119 1797; baseline 0.002 -33"><span class='ocrx_word' id='word_1_55' title='bbox 157 1701 208 1765; x_wconf 88' lang='grc' dir='ltr'>καὶ</span> <span class='ocrx_word' id='word_1_56' title='bbox 228 1703 330 1792; x_wconf 79' lang='grc' dir='ltr'>βωμὸν</span> <span class='ocrx_word' id='word_1_57' title='bbox 350 1703 469 1770; x_wconf 81' lang='grc' dir='ltr'>εἴσαντο</span> <span class='ocrx_word' id='word_1_58' title='bbox 485 1691 523 1786; x_wconf 75' lang='lat'>(⁴)</span> <span class='ocrx_word' id='word_1_59' title='bbox 538 1705 683 1796; x_wconf 83' lang='grc' dir='ltr'>Ποιμένος</span> <span class='ocrx_word' id='word_1_60' title='bbox 700 1688 835 1797; x_wconf 66' lang='grc' dir='ltr'>Ϊθρωτος·</span> <span class='ocrx_word' id='word_1_61' title='bbox 852 1703 903 1770; x_wconf 87' lang='grc' dir='ltr'>καὶ</span> <span class='ocrx_word' id='word_1_62' title='bbox 923 1714 969 1789; x_wconf 86' lang='grc' dir='ltr'>τῷ</span> <span class='ocrx_word' id='word_1_63' title='bbox 987 1702 1066 1769; x_wconf 90' lang='grc' dir='ltr'>Πανὶ</span> <span class='ocrx_word' id='word_1_64' title='bbox 1085 1694 1119 1767; x_wconf 84' lang='grc' dir='ltr'>δὲ</span> 
     </span>
     <span class='ocr_line' id='line_1_9' title="bbox 122 1840 1118 1946; baseline -0.001 -30"><span class='ocrx_word' id='word_1_65' title='bbox 122 1892 124 1897; x_wconf 90' lang='grc'><strong>-</strong></span> <span class='ocrx_word' id='word_1_66' title='bbox 157 1843 265 1917; x_wconf 83' lang='grc' dir='ltr'>ἔδοσαν</span> <span class='ocrx_word' id='word_1_67' title='bbox 290 1840 358 1919; x_wconf 89' lang='grc' dir='ltr'>ἀντὶ</span> <span class='ocrx_word' id='word_1_68' title='bbox 380 1864 434 1932; x_wconf 81' lang='grc' dir='ltr'>τῆς</span> <span class='ocrx_word' id='word_1_69' title='bbox 455 1854 563 1932; x_wconf 86' lang='grc' dir='ltr'>πίτυος</span> <span class='ocrx_word' id='word_1_70' title='bbox 585 1854 672 1922; x_wconf 83' lang='grc' dir='ltr'>οἰκεῖν</span> <span class='ocrx_word' id='word_1_71' title='bbox 696 1859 783 1937; x_wconf 88' lang='grc' dir='ltr'>νεὼν,</span> <span class='ocrx_word' id='word_1_72' title='bbox 810 1857 900 1920; x_wconf 82' lang='grc' dir='ltr'>Πάνα</span> <span class='ocrx_word' id='word_1_73' title='bbox 921 1855 1118 1946; x_wconf 80' lang='grc' dir='ltr'>Στρατιώτην</span> 
     </span>
     <span class='ocr_line' id='line_1_10' title="bbox 156 2004 368 2094; baseline 0.009 -27"><span class='ocrx_word' id='word_1_74' title='bbox 156 2004 368 2094; x_wconf 77' lang='grc' dir='ltr'>ὀνομάσαντες.</span> 
     </span>
    </p>

    <p class='ocr_par' dir='ltr' id='par_1_6' title="bbox 155 2140 1118 2545">
     <span class='ocr_line' id='line_1_11' title="bbox 208 2140 1117 2246; baseline -0.002 -29"><span class='ocrx_word' id='word_1_75' title='bbox 208 2161 262 2232; x_wconf 73' lang='grc'>40.</span> <span class='ocrx_word' id='word_1_76' title='bbox 293 2143 381 2219; x_wconf 82' lang='grc' dir='ltr'>Ᾰλλά</span> <span class='ocrx_word' id='word_1_77' title='bbox 408 2164 509 2220; x_wconf 80' lang='grc' dir='ltr'>ταῦτα</span> <span class='ocrx_word' id='word_1_78' title='bbox 531 2155 582 2245; x_wconf 82' lang='grc' dir='ltr'>μὲν</span> <span class='ocrx_word' id='word_1_79' title='bbox 605 2160 729 2246; x_wconf 83' lang='grc' dir='ltr'>ὕστερον</span> <span class='ocrx_word' id='word_1_80' title='bbox 752 2153 802 2220; x_wconf 91' lang='grc' dir='ltr'>καὶ</span> <span class='ocrx_word' id='word_1_81' title='bbox 822 2140 864 2246; x_wconf 62' lang='grc'>(5)</span> <span class='ocrx_word' id='word_1_82' title='bbox 887 2152 1045 2243; x_wconf 87' lang='grc' dir='ltr'>ὠνόμασαν</span> <span class='ocrx_word' id='word_1_83' title='bbox 1067 2151 1117 2216; x_wconf 90' lang='grc' dir='ltr'>καὶ</span> 
     </span>
     <span class='ocr_line' id='line_1_12' title="bbox 155 2283 1118 2397; baseline -0.003 -30"><span class='ocrx_word' id='word_1_84' title='bbox 155 2295 305 2394; x_wconf 76' lang='grc' dir='ltr'>ἔπραξαν·</span> <span class='ocrx_word' id='word_1_85' title='bbox 331 2303 403 2369; x_wconf 83' lang='grc' dir='ltr'>τότε</span> <span class='ocrx_word' id='word_1_86' title='bbox 429 2283 464 2370; x_wconf 83' lang='grc' dir='ltr'>δὲ</span> <span class='ocrx_word' id='word_1_87' title='bbox 483 2304 591 2381; x_wconf 85' lang='grc' dir='ltr'>νυκτὸς</span> <span class='ocrx_word' id='word_1_88' title='bbox 607 2307 781 2397; x_wconf 76' lang='grc' dir='ltr'>γενομένης,</span> <span class='ocrx_word' id='word_1_89' title='bbox 799 2303 909 2379; x_wconf 82' lang='grc' dir='ltr'>πάντες</span> <span class='ocrx_word' id='word_1_90' title='bbox 930 2301 1040 2377; x_wconf 85' lang='grc' dir='ltr'>αὐτοὺς</span> <span class='ocrx_word' id='word_1_91' title='bbox 1061 2326 1118 2367; x_wconf 79' lang='grc' dir='ltr'>πα·</span> 
     </span>
     <span class='ocr_line' id='line_1_13' title="bbox 157 2423 1118 2545; baseline -0.003 -27"><span class='ocrx_word' id='word_1_92' title='bbox 157 2454 306 2543; x_wconf 83' lang='grc' dir='ltr'>ρέπεμπον</span> <span class='ocrx_word' id='word_1_93' title='bbox 331 2453 370 2531; x_wconf 85' lang='grc' dir='ltr'>εἰς</span> <span class='ocrx_word' id='word_1_94' title='bbox 393 2454 446 2520; x_wconf 86' lang='grc' dir='ltr'>τὸν</span> <span class='ocrx_word' id='word_1_95' title='bbox 474 2423 632 2544; x_wconf 86' lang='grc' dir='ltr'>θάλαμον,</span> <span class='ocrx_word' id='word_1_96' title='bbox 661 2455 687 2520; x_wconf 91' lang='grc' dir='ltr'>οἱ</span> <span class='ocrx_word' id='word_1_97' title='bbox 715 2455 767 2545; x_wconf 84' lang='grc' dir='ltr'>μὲν</span> <span class='ocrx_word' id='word_1_98' title='bbox 795 2451 1002 2544; x_wconf 80' lang='grc' dir='ltr'>συρίττοντας,</span> <span class='ocrx_word' id='word_1_99' title='bbox 1030 2453 1057 2518; x_wconf 91' lang='grc' dir='ltr'>οἱ</span> <span class='ocrx_word' id='word_1_100' title='bbox 1083 2442 1118 2516; x_wconf 82' lang='grc' dir='ltr'>δὲ</span> 
     </span>
    </p>

    <p class='ocr_par' dir='ltr' id='par_1_7' title="bbox 68 2594 1178 2998">
     <span class='ocr_line' id='line_1_14' title="bbox 68 2594 1119 2695; baseline 0.002 -31"><span class='ocrx_word' id='word_1_101' title='bbox 68 2666 73 2671; x_wconf 74' lang='grc'>,</span> <span class='ocrx_word' id='word_1_102' title='bbox 155 2603 330 2687; x_wconf 77' lang='grc' dir='ltr'>αὐλοῦντες,</span> <span class='ocrx_word' id='word_1_103' title='bbox 360 2603 386 2669; x_wconf 87' lang='grc' dir='ltr'>οἱ</span> <span class='ocrx_word' id='word_1_104' title='bbox 414 2594 448 2669; x_wconf 80' lang='grc' dir='ltr'>δὲ</span> <span class='ocrx_word' id='word_1_105' title='bbox 478 2595 576 2691; x_wconf 78' lang='grc' dir='ltr'>δᾷδας</span> <span class='ocrx_word' id='word_1_106' title='bbox 605 2603 737 2695; x_wconf 77' lang='grc' dir='ltr'>μεγάλας</span> <span class='ocrx_word' id='word_1_107' title='bbox 762 2600 940 2694; x_wconf 68' lang='grc' dir='ltr'>ἀνίσχοντες.</span> <span class='ocrx_word' id='word_1_108' title='bbox 964 2601 1026 2670; x_wconf 83' lang='grc' dir='ltr'>Καὶ</span> <span class='ocrx_word' id='word_1_109' title='bbox 1054 2601 1119 2668; x_wconf 80' lang='grc' dir='ltr'>ἐπεὶ</span> 
     </span>
     <span class='ocr_line' id='line_1_15' title="bbox 154 2745 1115 2846; baseline 0 -30"><span class='ocrx_word' id='word_1_110' title='bbox 154 2751 280 2823; x_wconf 84' lang='grc' dir='ltr'>πλησίον</span> <span class='ocrx_word' id='word_1_111' title='bbox 307 2751 382 2825; x_wconf 77' lang='grc' dir='ltr'>ἦσαν</span> <span class='ocrx_word' id='word_1_112' title='bbox 406 2763 467 2818; x_wconf 86' lang='grc' dir='ltr'>τῶν</span> <span class='ocrx_word' id='word_1_113' title='bbox 493 2755 609 2846; x_wconf 86' lang='grc' dir='ltr'>θυρῶν,</span> <span class='ocrx_word' id='word_1_114' title='bbox 626 2745 711 2843; x_wconf 72' lang='grc' dir='ltr'>’ᾖδον</span> <span class='ocrx_word' id='word_1_115' title='bbox 735 2757 850 2845; x_wconf 76' lang='grc' dir='ltr'>σκληρᾷ</span> <span class='ocrx_word' id='word_1_116' title='bbox 875 2754 924 2819; x_wconf 90' lang='grc' dir='ltr'>καὶ</span> <span class='ocrx_word' id='word_1_117' title='bbox 950 2753 1058 2824; x_wconf 85' lang='grc' dir='ltr'>ἀπηνεῖ</span> <span class='ocrx_word' id='word_1_118' title='bbox 1078 2777 1115 2843; x_wconf 81' lang='grc' dir='ltr'>τγ</span> 
     </span>
     <span class='ocr_line' id='line_1_16' title="bbox 153 2889 1178 2998; baseline 0 -34"><span class='ocrx_word' id='word_1_119' title='bbox 153 2911 234 2992; x_wconf 72' lang='grc' dir='ltr'>φωνῇ</span> <span class='ocrx_word' id='word_1_120' title='bbox 254 2889 310 2993; x_wconf 78' lang='lat'>(⁶),</span> <span class='ocrx_word' id='word_1_121' title='bbox 327 2901 460 2995; x_wconf 89' lang='grc' dir='ltr'>καθάπερ</span> <span class='ocrx_word' id='word_1_122' title='bbox 477 2900 622 2995; x_wconf 84' lang='grc' dir='ltr'>τριαίναες</span> <span class='ocrx_word' id='word_1_123' title='bbox 638 2912 694 2994; x_wconf 81' lang='grc' dir='ltr'>γῆν</span> <span class='ocrx_word' id='word_1_124' title='bbox 712 2901 958 2994; x_wconf 76' lang='grc' dir='ltr'>ἀναῤῥηγνύντες,</span> <span class='ocrx_word' id='word_1_125' title='bbox 978 2903 1034 2989; x_wconf 84' lang='grc' dir='ltr'>οὐχ</span> <span class='ocrx_word' id='word_1_126' title='bbox 1048 2903 1116 2989; x_wconf 82' lang='grc' dir='ltr'>ὑμέ·</span> <span class='ocrx_word' id='word_1_127' title='bbox 1175 2993 1178 2998; x_wconf 20' lang='lat'><strong><em>¹</em></strong></span> 
     </span>
    </p>
   </div>
   <div class='ocr_carea' id='block_1_5' title="bbox 79 3090 1209 3952">
    <p class='ocr_par' dir='ltr' id='par_1_8' title="bbox 79 3090 1209 3952">
     <span class='ocr_line' id='line_1_17' title="bbox 79 3090 392 3118; baseline 0.003 -1"><span class='ocrx_word' id='word_1_128' title='bbox 79 3106 87 3117; x_wconf 59' lang='lat' dir='ltr'>Q</span> <span class='ocrx_word' id='word_1_129' title='bbox 332 3095 335 3101; x_wconf 92' lang='grc'><strong>“</strong></span> <span class='ocrx_word' id='word_1_130' title='bbox 379 3090 392 3118; x_wconf 73' lang='grc' dir='ltr'><strong><em>ὖ</em></strong></span> 
     </span>
     <span class='ocr_line' id='line_1_18' title="bbox 115 3139 553 3221; baseline 0.007 -23"><span class='ocrx_word' id='word_1_131' title='bbox 115 3172 117 3175; x_wconf 92' lang='grc'><em>·</em></span> <span class='ocrx_word' id='word_1_132' title='bbox 190 3151 227 3213; x_wconf 87' lang='lat'>(1)</span> <span class='ocrx_word' id='word_1_133' title='bbox 246 3139 359 3219; x_wconf 80' lang='grc' dir='ltr'>ὀπώρας,</span> <span class='ocrx_word' id='word_1_134' title='bbox 371 3157 397 3200; x_wconf 88' lang='grc' dir='ltr'>Β.</span> <span class='ocrx_word' id='word_1_135' title='bbox 408 3157 436 3213; x_wconf 73' lang='grc' dir='ltr'>Α,</span> <span class='ocrx_word' id='word_1_136' title='bbox 450 3152 553 3221; x_wconf 79' lang='grc' dir='ltr'>ὀπώραν.</span> 
     </span>
     <span class='ocr_line' id='line_1_19' title="bbox 190 3237 1051 3314; baseline -0.003 -23"><span class='ocrx_word' id='word_1_137' title='bbox 190 3241 227 3308; x_wconf 78' lang='grc' dir='ltr'>(ε)</span> <span class='ocrx_word' id='word_1_138' title='bbox 246 3241 300 3312; x_wconf 75' lang='grc' dir='ltr'>λίγί</span> <span class='ocrx_word' id='word_1_139' title='bbox 309 3242 331 3291; x_wconf 72' lang='lat'>*.</span> <span class='ocrx_word' id='word_1_140' title='bbox 345 3247 391 3305; x_wconf 73' lang='lat' dir='ltr'>AB,</span> <span class='ocrx_word' id='word_1_141' title='bbox 404 3242 465 3295; x_wconf 84' lang='grc' dir='ltr'>ἀλλὰ</span> <span class='ocrx_word' id='word_1_142' title='bbox 479 3263 502 3294; x_wconf 91' lang='grc' dir='ltr'>κ.</span> <span class='ocrx_word' id='word_1_143' title='bbox 519 3245 557 3314; x_wconf 88' lang='grc' dir='ltr'>ἀρ.</span> <span class='ocrx_word' id='word_1_144' title='bbox 575 3265 601 3312; x_wconf 88' lang='grc' dir='ltr'>μ.</span> <span class='ocrx_word' id='word_1_145' title='bbox 614 3265 641 3295; x_wconf 82' lang='grc' dir='ltr'>π.</span> <span class='ocrx_word' id='word_1_146' title='bbox 654 3244 787 3305; x_wconf 84' lang='grc' dir='ltr'>ὑπέθηκαν,</span> <span class='ocrx_word' id='word_1_147' title='bbox 802 3242 843 3293; x_wconf 87' lang='grc' dir='ltr'>καὶ</span> <span class='ocrx_word' id='word_1_148' title='bbox 852 3241 974 3312; x_wconf 84' lang='grc' dir='ltr'>θυγάτριον</span> <span class='ocrx_word' id='word_1_149' title='bbox 988 3260 1012 3311; x_wconf 89' lang='grc' dir='ltr'>γ.</span> <span class='ocrx_word' id='word_1_150' title='bbox 1025 3237 1051 3289; x_wconf 83' lang='grc' dir='ltr'>δ.</span> 
     </span>
     <span class='ocr_line' id='line_1_20' title="bbox 189 3323 1116 3406; baseline -0.003 -22"><span class='ocrx_word' id='word_1_151' title='bbox 189 3332 225 3398; x_wconf 83' lang='grc'>(3)</span> <span class='ocrx_word' id='word_1_152' title='bbox 242 3323 404 3406; x_wconf 76' lang='grc' dir='ltr'>Συνεγάρασαν</span> <span class='ocrx_word' id='word_1_153' title='bbox 420 3343 445 3386; x_wconf 88' lang='grc'>“.</span> <span class='ocrx_word' id='word_1_154' title='bbox 468 3342 502 3398; x_wconf 73' lang='grc' dir='ltr'>Α,</span> <span class='ocrx_word' id='word_1_155' title='bbox 517 3339 590 3395; x_wconf 84' lang='grc' dir='ltr'>οὕτως</span> <span class='ocrx_word' id='word_1_156' title='bbox 613 3335 749 3395; x_wconf 82' lang='grc' dir='ltr'>αὐτοῖςκαὶ</span> <span class='ocrx_word' id='word_1_157' title='bbox 773 3342 848 3386; x_wconf 86' lang='grc' dir='ltr'>ταῦτα</span> <span class='ocrx_word' id='word_1_158' title='bbox 870 3332 1037 3404; x_wconf 82' lang='grc' dir='ltr'>συνεγόρασεν,</span> <span class='ocrx_word' id='word_1_159' title='bbox 1054 3327 1116 3386; x_wconf 78' lang='grc' dir='ltr'>οὗτοι</span> 
     </span>
     <span class='ocr_line' id='line_1_21' title="bbox 104 3413 1129 3499; baseline 0.003 -26"><span class='ocrx_word' id='word_1_160' title='bbox 104 3444 109 3456; x_wconf 50' lang='grc' dir='ltr'>ν</span> <span class='ocrx_word' id='word_1_161' title='bbox 153 3442 176 3473; x_wconf 92' lang='grc' dir='ltr'>κ.</span> <span class='ocrx_word' id='word_1_162' title='bbox 188 3444 210 3474; x_wconf 91' lang='grc' dir='ltr'>τ.</span> <span class='ocrx_word' id='word_1_163' title='bbox 228 3425 253 3475; x_wconf 85' lang='grc' dir='ltr'>ά.</span> <span class='ocrx_word' id='word_1_164' title='bbox 270 3426 290 3476; x_wconf 87' lang='grc' dir='ltr'>ἰ.</span> <span class='ocrx_word' id='word_1_165' title='bbox 304 3432 337 3487; x_wconf 91' lang='grc' dir='ltr'>Β,</span> <span class='ocrx_word' id='word_1_166' title='bbox 356 3428 396 3483; x_wconf 76' lang='grc' dir='ltr'>τὴν</span> <span class='ocrx_word' id='word_1_167' title='bbox 412 3426 441 3478; x_wconf 83' lang='grc' dir='ltr'>δὲ</span> <span class='ocrx_word' id='word_1_168' title='bbox 456 3417 546 3499; x_wconf 65' lang='grc' dir='ltr'>ἀγέλην</span> <span class='ocrx_word' id='word_1_169' title='bbox 562 3430 639 3487; x_wconf 80' lang='grc' dir='ltr'>αὐτοῖς</span> <span class='ocrx_word' id='word_1_170' title='bbox 654 3413 705 3490; x_wconf 74' lang='grc' dir='ltr'>κεεὶΙ</span> <span class='ocrx_word' id='word_1_171' title='bbox 715 3434 791 3480; x_wconf 84' lang='grc' dir='ltr'>ταῦτα</span> <span class='ocrx_word' id='word_1_172' title='bbox 807 3427 960 3497; x_wconf 76' lang='grc' dir='ltr'>συνεγόρασεν</span> <span class='ocrx_word' id='word_1_173' title='bbox 979 3421 1041 3479; x_wconf 76' lang='grc' dir='ltr'>οὗτοι</span> <span class='ocrx_word' id='word_1_174' title='bbox 1053 3447 1078 3477; x_wconf 84' lang='grc' dir='ltr'>κ.</span> <span class='ocrx_word' id='word_1_175' title='bbox 1092 3428 1129 3485; x_wconf 51' lang='grc' dir='ltr'>τ,</span> 
     </span>
     <span class='ocr_line' id='line_1_22' title="bbox 152 3535 292 3583; baseline 0.014 -18"><span class='ocrx_word' id='word_1_176' title='bbox 152 3535 178 3565; x_wconf 86' lang='grc' dir='ltr'>α.</span> <span class='ocrx_word' id='word_1_177' title='bbox 194 3535 229 3567; x_wconf 88' lang='grc' dir='ltr'>εκ.</span> <span class='ocrx_word' id='word_1_178' title='bbox 290 3577 292 3583; x_wconf 21' lang='grc' dir='ltr'>γ</span> 
     </span>
     <span class='ocr_line' id='line_1_23' title="bbox 188 3610 598 3674; baseline 0.005 -14"><span class='ocrx_word' id='word_1_179' title='bbox 188 3612 225 3674; x_wconf 74' lang='grc'>(4)</span> <span class='ocrx_word' id='word_1_180' title='bbox 245 3610 357 3673; x_wconf 84' lang='grc' dir='ltr'>Εἰσαντε,</span> <span class='ocrx_word' id='word_1_181' title='bbox 373 3619 402 3662; x_wconf 78' lang='grc' dir='ltr'>Α.</span> <span class='ocrx_word' id='word_1_182' title='bbox 412 3619 438 3674; x_wconf 88' lang='grc' dir='ltr'>Β,</span> <span class='ocrx_word' id='word_1_183' title='bbox 451 3613 598 3668; x_wconf 78' lang='grc' dir='ltr'>ἰποιήσαντο.</span> 
     </span>
     <span class='ocr_line' id='line_1_24' title="bbox 188 3702 778 3776; baseline 0.003 -23"><span class='ocrx_word' id='word_1_184' title='bbox 188 3702 226 3769; x_wconf 88' lang='lat'>(5)</span> <span class='ocrx_word' id='word_1_185' title='bbox 243 3702 291 3754; x_wconf 80' lang='grc' dir='ltr'>Καὶ</span> <span class='ocrx_word' id='word_1_186' title='bbox 305 3704 440 3773; x_wconf 80' lang='grc' dir='ltr'>ὠνόμασαν,</span> <span class='ocrx_word' id='word_1_187' title='bbox 449 3712 478 3756; x_wconf 82' lang='grc' dir='ltr'>Α.</span> <span class='ocrx_word' id='word_1_188' title='bbox 492 3713 518 3768; x_wconf 89' lang='grc' dir='ltr'>Β,</span> <span class='ocrx_word' id='word_1_189' title='bbox 534 3709 629 3776; x_wconf 81' lang='grc' dir='ltr'>ὕστερον</span> <span class='ocrx_word' id='word_1_190' title='bbox 646 3707 778 3775; x_wconf 74' lang='grc' dir='ltr'>ὠνόμασαν.</span> 
     </span>
     <span class='ocr_line' id='line_1_25' title="bbox 188 3795 1209 3868; baseline 0.003 -22"><span class='ocrx_word' id='word_1_191' title='bbox 188 3795 225 3860; x_wconf 84' lang='grc'>(6)</span> <span class='ocrx_word' id='word_1_192' title='bbox 244 3795 356 3864; x_wconf 75' lang='grc' dir='ltr'>Φωνῇ.-</span> <span class='ocrx_word' id='word_1_193' title='bbox 362 3801 488 3858; x_wconf 79' lang='grc' dir='ltr'>Λουκιανὸς</span> <span class='ocrx_word' id='word_1_194' title='bbox 500 3801 522 3852; x_wconf 81' lang='grc' dir='ltr'>ἐν</span> <span class='ocrx_word' id='word_1_195' title='bbox 533 3800 715 3868; x_wconf 77' lang='grc' dir='ltr'>Νεκυομαντείρι·</span> <span class='ocrx_word' id='word_1_196' title='bbox 730 3797 785 3867; x_wconf 84' lang='grc' dir='ltr'>ᾅδει</span> <span class='ocrx_word' id='word_1_197' title='bbox 795 3800 861 3868; x_wconf 91' lang='grc' dir='ltr'>μάλα</span> <span class='ocrx_word' id='word_1_198' title='bbox 871 3799 971 3868; x_wconf 80' lang='grc' dir='ltr'>τραχείᾳ</span> <span class='ocrx_word' id='word_1_199' title='bbox 980 3796 1020 3846; x_wconf 85' lang='grc' dir='ltr'>καὶ</span> <span class='ocrx_word' id='word_1_200' title='bbox 1033 3796 1116 3849; x_wconf 70' lang='grc' dir='ltr'>ἀπηνεῖ</span> <span class='ocrx_word' id='word_1_201' title='bbox 1206 3808 1209 3813; x_wconf 81' lang='grc'><strong>”</strong></span> 
     </span>
     <span class='ocr_line' id='line_1_26' title="bbox 152 3877 824 3952; baseline 0.006 -2"><span class='ocrx_word' id='word_1_202' title='bbox 152 3889 264 3952; x_wconf 67' lang='grc' dir='ltr'>τίνννῇ-</span> <span class='ocrx_word' id='word_1_203' title='bbox 594 3877 608 3927; x_wconf 52' lang='lat'>*2</span> <span class='ocrx_word' id='word_1_204' title='bbox 807 3898 824 3931; x_wconf 65' lang='grc' dir='ltr'>θ</span> 
     </span>
    </p>
   </div>
   <div class='ocr_carea' id='block_1_6' title="bbox 0 0 1388 4874">
    <p class='ocr_par' dir='ltr' id='par_1_9' title="bbox 0 0 1388 4874">
     <span class='ocr_line' id='line_1_27' title="bbox 0 0 1388 4874; baseline 0 3"><span class='ocrx_word' id='word_1_205' title='bbox 0 0 1388 4874; x_wconf 95' lang='lat' dir='ltr'> </span> 
     </span>
    </p>
   </div>
  </div>
 </body>
</html>
