2768 4874
294 713 360 784 116
498 694 681 783 Aorro'r
713 716 1035 784 ΠοιΜΕΝικοΝ

288 862 1240 911 WWWMOOOOWWMO

508 1134 683 1217 ΛΟΓΟΣ
727 1135 1027 1216 ΤΕΤΑΡΤΟΣ.

698 1412 829 1430 ..ο-

235 1648 268 1686 ιιι
342 1641 368 1682 ι.
398 1599 487 1681 Ηκων
514 1605 550 1679 δέ
574 1640 620 1691 τις
647 1619 680 1681 ἐκ
705 1623 758 1691 τῆς
787 1616 962 1692 Μιτυλήνης
993 1605 1159 1704 όμόδουλος
1192 1622 1245 1681 τοῦ

284 1761 447 1852 Λάμωνος,
463 1762 597 1854 ἤγγειλεν
613 1762 662 1826 ότι
675 1759 775 1852 ολίγον
790 1762 849 1852 πρὸ
866 1771 920 1826 τοῦ
937 1767 1116 1856 τρυγητοῢό
1133 1753 1245 1828 δεσπό-

188 1976 193 1982 ,
285 1935 339 1986 της
363 1902 514 2000 ἀφίξεται,
544 1908 748 2000 μαθησόμενος
778 1911 822 2000 μό
850 1936 881 1975 τι
909 1889 979 1989 τοὺς
1006 1910 1115 2003 ἀγροὺς
1140 1885 1157 1976 ό
1181 1919 1244 1977 τῶν

284 2057 487 2149 Μηθυμναίων
515 2056 652 2136 εἴσπλους
679 2061 858 2149 ε’λυμόνατο.
889 2038 958 2131 ἤδη
988 2056 1037 2125 οὖν
1062 2069 1116 2125 τοῦ
1142 2059 1246 2153 θέρους

285 2208 446 2292 ἀπιόντος,
465 2207 516 2273 καὶ
541 2216 594 2274 τοῦ
615 2211 789 2299 μετοπώρου
808 2208 1001 2300 προσιόντος,
1025 2202 1245 2302 παρεσκεύαζεν

285 2360 369 2441 αὐτῷ
392 2359 447 2429 τὴν
472 2359 652 2449 καταγωγὴν
674 2360 690 2420 ό
712 2354 825 2447 Λάμων
846 2354 886 2433 εἰς
909 2360 1009 2422 πᾶσαν
1033 2356 1099 2433 θέας
1115 2347 1244 2431 ἡδονάν.

285 2498 391 2593 Πηγὰς
409 2495 612 2593 ἐξεκάθαιρεν,
632 2508 672 2579 ὡς
690 2503 727 2568 τὸ
748 2488 789 2593 (¹)
810 2493 890 2594 ὕδωρ
908 2502 1037 2595 καθαρὸν
1059 2504 1166 2594 ἔχοιεν·
1186 2509 1249 2579 τὴν

285 2649 394 2741 κόπρον
421 2641 549 2740 ἐξεφόρει
575 2659 629 2727 τῆς
647 2653 754 2734 αὐλῆς,
777 2656 817 2727 ὡς
843 2645 997 2729 οἱπόζουσα
1024 2655 1064 2744 μή
1088 2643 1248 2743 διοχλοίη’

285 2797 338 2862 τόν
357 2788 539 2888 παράδεισον
560 2797 746 2892 ἐθεράπευεν,
766 2805 805 2875 ὡς
827 2799 926 2890 ὀφθείη
945 2800 1046 2878 καλός.

274 2983 276 2986 v
339 2972 368 3011 2.
398 2926 444 3012 siv
464 2936 532 3013 δὲό
555 2938 737 3039 παράδεισος
757 2946 913 3040 πάγκαλόν
932 2974 964 3013 τι
981 2958 1099 3040 χρῆμα,
1117 2949 1169 3015 καὶ
1191 2976 1250 3018 κα-

286 3093 327 3162 τὰ
352 3097 418 3173 τοὺς
450 3096 631 3179 βασιλικούς.
656 3084 811 3163 Εκτέτατο
835 3097 888 3187 μὲν
916 3095 965 3174 εἰς
980 3088 1106 3164 σταδίου
1126 3108 1249 3189 μῆκος,

284 3246 418 3311 ἐπέκειτο
442 3236 476 3310 δὲ
498 3246 527 3310 ἐν
551 3247 640 3336 χώρῳ
663 3211 820 3337 μετεώρφ,
843 3245 878 3310 τὸ
903 3242 984 3337 εὖρος
1005 3247 1079 3338 ἔχων
1106 3247 1247 3341 πλέθρων
1290 3318 1293 3325 ,

255 3429 259 3437 1
285 3391 449 3483 τεττάρων.
471 3390 597 3460 Είκασεν
616 3388 651 3457 άν
669 3418 714 3470 τις
740 3393 831 3459 αὐτὸν
854 3385 950 3481 πεδίῳ
971 3405 1087 3490 μακρῷ.
1110 3390 1187 3487 Εἶχε
1210 3389 1246 3464 δὲ

234 3559 271 3600 ¹⁴2
284 3538 387 3606 πάντα
403 3530 529 3631 δένδρα,
548 3542 676 3631 μηλέας,
694 3539 848 3634 μυρρίνας,
863 3542 978 3633 ,όχνας,
996 3543 1046 3609 καὶ
1067 3542 1168 3636 ῥοιὰς,
1191 3547 1249 3647 καὶ

283 3697 391 3771 συκῆν,
418 3686 469 3752 καὶ
493 3687 611 3765 ἐλαίας·
633 3691 753 3782 ἑτέρωθι
779 3687 912 3782 άμπελον
937 3690 1071 3781 ὑψηλόν·
1097 3693 1149 3759 καὶ
1175 3698 1249 3763 ἐπέ-

318 3939 354 4001 (ι)
373 3937 404 3986 Τὸ
420 3931 483 4004 ὕδωρ
498 3973 504 3986 .
518 3974 523 3986 .
538 3974 542 3985 .
557 3973 562 3985 .
578 3935 618 3990 τὴν
629 3935 723 4004 κόπρον,
736 3943 763 3986 Β,
