2768 4874
351 627 511 691 ηονοῑ
544 625 809 692 ΔΕΥΤΕΡΟΣ.
1027 642 1064 711 7¹

165 798 216 862 31.
251 779 321 868 Ιθθη
345 785 380 860 θέ
407 795 565 888 παρόντων
589 805 649 861 τῶν
677 793 755 885 ἀμφὶ
782 796 836 866 τήν
865 780 985 875 Χλόην,
1013 800 1072 881 πῦρ

110 949 297 1033 ἀνακαύσας,
316 946 427 1014 καὶτὰ
449 951 501 1040 μέν
524 946 637 1038 ἑψήσας
655 958 717 1015 τῶν
736 957 845 1040 κρεῶν,
865 941 906 1012 τὰ
927 936 962 1010 θέ
983 949 1074 1019 ὀπτή-

110 1124 184 1182 σας,
201 1093 360 1191 ἀπήρξατό
375 1123 407 1164 τε
425 1105 491 1176 ταῖς
507 1101 670 1191 Νύμφαις,
687 1097 738 1164 καὶ
756 1105 894 1190 κρατῆρα
910 1094 1073 1161 ἀπέσπεισε

108 1250 221 1341 μεστὸν
247 1250 405 1343 γλεύκους·
435 1250 486 1316 καὶ
519 1255 553 1319 ἐκ
579 1241 732 1343 φυλλάθος
763 1240 913 1326 στιόάθας
945 1252 1074 1314 ὑποστο-

109 1403 195 1492 ρέσας
215 1386 278 1492 (¹),
307 1401 439 1468 ἐντεῦθεν
463 1407 492 1470 ἐν
510 1411 606 1495 τροφῇ
625 1400 661 1475 ἦν
679 1401 731 1467 καὶ
754 1410 843 1486 ποτῷ
870 1398 920 1464 καὶ
944 1388 1072 1486 παιδιᾷ·

106 1551 160 1617 καὶ
178 1551 243 1643 ἅμα
266 1548 322 1630 τθες
344 1551 456 1645 ἀγέλας
474 1552 650 1637 ἐπεσκόπει,
670 1557 711 1644 μή
732 1552 823 1628 λύκος
844 1554 982 1642 ἐμπεσὼν
1002 1551 1074 1643 ἔργα

106 1709 214 1798 ποιήσρ
246 1703 396 1797 πολεμίων
429 1693 476 1791 (¹).
508 1686 596 1795 ῌσοὶν
628 1731 712 1782 τινας
747 1703 797 1770 καὶ
829 1694 911 1787 ᾠθάς
945 1702 985 1781 εἰς
1018 1700 1073 1779 τὰς

106 1856 256 1945 Νύμφας,
280 1860 417 1921 παλαιῶν
435 1856 584 1946 ποιμένων
596 1859 773 1945 ποιήματα.
795 1854 918 1931 Νυκτὸς
935 1844 969 1919 θέ
987 1857 1073 1920 ἐπελ-
1088 1870 1114 1906 ⁸⁸

108 2004 216 2081 θούσης
238 2006 333 2071 αὐτοῦ
351 2004 538 2094 κοιμηθέντες
552 2008 582 2070 ἐν
600 2013 644 2090 τῷ
664 2003 764 2096 ἀγρῷ,
783 2013 839 2080 τῆς
861 2005 1001 2080 ἐπιούσης
1022 2011 1075 2066 τοῦ

106 2155 208 2233 Πανὸς
225 2155 440 2247 ἐμνημόνευον·
460 2154 511 2220 καὶ
530 2165 590 2220 τῶν
608 2153 730 2247 τρόγων
750 2155 802 2220 τὸν
821 2152 991 2246 ἀγελοὶρχην
1010 2178 1075 2217 στε-

107 2306 299 2392 φανώσαντες
318 2301 443 2386 πίτυος,
462 2305 659 2394 προσήγαγον
688 2327 726 2374 τη
745 2299 849 2368 πίτυῑ“
874 2301 925 2366 καὶ
946 2305 1076 2395 ἐπισπερ-

108 2477 214 2530 σαντες
238 2449 332 2532 οἴνου,
360 2451 411 2516 καὶ
430 2454 629 2543 εὐφημοῦντες
655 2451 707 2516 τὸν
735 2449 818 2535 θεὸν,
844 2449 971 2532 ἔθυσαν,
995 2453 1074 2542 ἐκρέ-

108 2625 222 2690 μασαν,
251 2590 428 2692 ἀπέθειραν·
461 2599 512 2665 καὶ
548 2598 591 2665 τὰ
619 2600 671 2690 μὲν
707 2600 778 2691 κρέα
808 2601 996 2677 ὀπτήσαντες
1024 2599 1075 2665 καὶ

107 2745 292 2838 ἑψήσαντες,
315 2749 442 2822 πλησίον
467 2749 574 2821 ἔθηκαν
593 2753 622 2816 ἐν
640 2760 684 2835 τῷ
703 2754 847 2840 λειμῶνι,
870 2753 899 2815 ἐν
921 2756 984 2827 τοῖς
1004 2749 1075 2840 φυλ-
1156 2821 1158 2828 ,

103 2904 187 2977 λοις·
214 2899 250 2965 τὸ
281 2890 315 2965 θὲ
348 2891 446 2992 θέρμα
478 2905 596 2994 κέρασιν
625 2903 728 2977 αὐτοῖς
752 2892 897 2976 ἐνέπηξαν
924 2908 963 2990 τῇ
989 2897 1075 2969 πίτυϊ

108 3049 182 3139 πρὸς
208 3058 253 3134 τῷ
271 3049 446 3142 ἀγαλματι,
463 3049 636 3140 ποιμενικὸν
656 3047 798 3139 ἀνάθημα
815 3057 988 3138 ποιμενικῷ
1006 3047 1073 3131 θεῷ.

107 3186 293 3289 Ᾰπήρξαντο
321 3200 372 3264 καὶ
404 3209 463 3265 τῶν
495 3209 604 3292 κρεῶν,
628 3199 813 3263 ἀπέσπεισαν
845 3196 896 3263 καὶ
925 3206 1073 3289 κρατῆρος

108 3338 257 3438 μεύζονος·
276 3345 345 3439 ᾖσεν
364 3356 382 3422 ή
401 3350 505 3434 Χλόη,
523 3348 631 3440 Δοίφνις
649 3350 790 3440 ἐσύρισεν.

163 3499 214 3564 32.
245 3485 308 3565 Επὶ
332 3500 451 3576 τούτοις
477 3500 723 3583 κατακλιθέντες,
746 3498 863 3570 ήσθιον·
892 3497 943 3563 καὶ
970 3502 1071 3574 αὐτοῖς

146 3784 182 3843 (1)
201 3771 372 3849 Ῠποστορέσας,
383 3787 409 3831 B.
423 3788 451 3842 Α,
467 3783 660 3850 θπεστορειύσας,

94 3872 97 3881 ’
145 3875 182 3936 (2)
201 3873 298 3940 Ποιήση,
308 3880 354 3925 ΑΒ.
