2768 4874
237 677 257 744 8
440 675 624 744 ΛΟΓΓΟΥ
656 673 973 739 ΠΟΙΜΕΝΙΚΩΝ

185 878 207 915 ιο
288 874 318 936 7.
343 850 452 915 Ταῦτα
470 845 511 911 τὰ
537 835 645 911 παιδία
658 845 743 933 ’ταχὺ
768 841 852 933 μοδα
873 835 996 924 ηὔξησε,
1016 842 1065 907 καὶ
1080 840 1192 916 κάλλος

232 1000 335 1071 αὐτοῖς
361 988 528 1084 ἐξεφαίνετο
546 979 588 1086 (¹)
609 999 746 1084 κρεῖττον
768 991 931 1083 ἀγροικίας.
950 973 1020 1062 δίδη
1038 1015 1072 1054 τε
1092 987 1127 1062 ἦν
1149 975 1191 1080 (¹)

177 1131 180 1137 ¹
225 1149 248 1208 .0'
265 1144 317 1234 μὲν
334 1144 428 1230 πέντε
444 1124 494 1210 καὶ
513 1125 588 1208 δέκα
605 1144 680 1206 έτῶν
698 1139 759 1206 άπὸ
774 1144 928 1232 γενεᾶς·ή
948 1130 1001 1222 δὲ,
1023 1141 1193 1222 τοσούτων,

231 1283 314 1357 δυοῖν
341 1281 553 1358 ἀποδεόντοιν·
574 1288 633 1355 ’καὶ
653 1295 669 1355 ὁ
691 1291 787 1380 Δρύας
809 1289 860 1354 καὶ
881 1294 896 1353 ὁ
919 1288 1032 1378 Λάμον
1053 1287 1103 1354 έπὶ
1123 1293 1193 1378 μιᾶς

230 1440 337 1517 νυκτὸς
364 1445 469 1532 ὁρῶσιν
497 1440 567 1530 ὄναρ
596 1429 714 1505 τοιόνδε
739 1463 780 1504 τι.
813 1425 889 1503 Ῐδεῖν
915 1424 956 1521 (³)
979 1435 1035 1513 τὰς
1063 1438 1193 1529 Νύμφας

230 1580 354 1656 ἐδόκουν
376 1588 508 1671 ἐκείνας,
528 1587 583 1664 τὰς
604 1592 632 1652 ἐν
656 1597 701 1673 τῷ
726 1583 844 1677 άντρῳ,
868 1589 896 1651 έν
916 1585 940 1672 ᾧ
961 1590 1101 1679 ήπογδ,
1122 1586 1194 1674 ένῷ

230 1737 266 1803 τὸ
283 1727 404 1802 παιδίον
422 1735 499 1827 εὗρεν
517 1741 533 1801 ὁ
553 1738 668 1828 Δρύας,
690 1735 742 1800 τὸν
759 1733 869 1825 Δάφνιν
887 1721 930 1826 (⁴)
950 1736 1000 1801 καὶ
1019 1739 1073 1809 τὴν
1089 1735 1193 1832 Χλόην

228 1875 433 1976 παραδιδόναι
452 1876 566 1969 παιδίῳ
590 1884 675 1975 μαδα
698 1878 819 1976 σούαρῷ
840 1884 891 1950 καὶ
914 1891 1014 1971 καλῷ,
1040 1883 1138 1977 πτερὰ
1160 1889 1194 1951 έκ

228 2044 288 2100 τῶν
312 2035 401 2125 ὤμων
426 2035 546 2126 έχοντι,
576 2035 649 2119 βέλη
676 2032 789 2125 σμικρὰ
814 2034 880 2125 ἅμα
904 2028 1033 2126 τοξαρίῳ
1060 2036 1191 2128 φέροντι.

227 2182 271 2251 Τὸ
289 2175 324 2249 δὲ
339 2181 528 2275 ἐφαψάμενον
550 2184 730 2275 ἀμφοτέρων
742 2183 793 2248 ένὶ
811 2183 908 2267 βέλει,
932 2189 1067 2249 κελεῦσαι
1086 2185 1192 2250 λοιπὸν
1238 2260 1240 2266 Ι

227 2302 413 2422 ποιμαίνειν,
433 2334 486 2397 τὸν
508 2333 581 2423 μὲν,·
595 2333 631 2398 τὸ
652 2331 799 2416 αἰπόλιον,
820 2337 874 2406 τὴν
891 2324 939 2415 δέ,
957 2333 993 2399 τὸ
1010 2333 1157 2424 ποίμνιον.

280 2480 310 2543 8.
339 2482 441 2544 Τοῦτο
463 2480 499 2544 τὸ
526 2479 598 2569 ὄναρ
624 2470 758 2564 ἰδόντες,
777 2479 907 2571 ἤχθοντο
929 2481 981 2570 μέν
1007 2479 1032 2546 εἰ
1056 2482 1192 2571 ποιμένες

226 2626 341 2693 ἔσοιντο
363 2625 414 2691 καὶ
440 2625 524 2692 οὗτοι
547 2613 607 2716 (⁶),
629 2630 723 2718 τύχην
749 2630 783 2692 ἐκ
806 2627 984 2721 σπαργάνων
1010 2629 1193 2722 ἐπαγγελλό-

259 2925 296 2988 (ῐ)
315 2913 508 2991 ΔΕιφαίνετο,,Δ.
524 2926 551 2981 Β,
566 2921 680 2990 έφιιίνετο.

163 3056 167 3060 .
258 3018 295 3079 (ο)
314 3007 369 3070 ἤδη
384 3033 410 3065 τι
423 3011 460 3077 ἦν,
474 3018 521 3065 ΔΒ.

258 3104 294 3170 (3)
313 3086 403 3158 Ῐδεῖν*.
415 3110 449 3169 Δ,
466 3103 557 3158 τοιόνδε
569 3125 593 3156 τι
677 3105 719 3165 τὰς
734 3088 840 3176 Νύμφας.
856 3113 883 3167 Β,
898 3103 990 3160 τοιόνδε
1008 3126 1031 3157 τι
1045 3105 1087 3166 τὰς
1104 3108 1182 3177 Νύμφ.

221 3187 335 3263 [Ῐδιῖνξ
349 3190 590 3269 παραδιόρύιομαᾸδν
602 3199 854 3268 ἀμφοτέροιςφίρεται·
868 3195 920 3256 τὰς
934 3199 1046 3267 νύμφας
1060 3196 1184 3251 ἐδόκουν

224 3327 260 3338 ...
273 3328 277 3336 .
292 3287 512 3358 παραδιδόναι,
524 3310 547 3340 κ.
558 3311 580 3341 τ.
591 3281 706 3361 έόρθῶς.
719 3279 843 3346 Δθετοτέον
856 3295 912 3360 γοῦν
927 3290 953 3340 τὸ
970 3288 1055 3343 ίδιῖν.
1071 3299 1096 3342 Σ.
1112 3292 1182 3359 189.]

256 3383 292 3445 (Δ)
311 3380 355 3431 Τδν
370 3381 518 3449 Δάφνιν,ΔΒ,

256 3470 292 3537 (5)
312 3473 341 3523 Εί
360 3491 387 3522 π.
410 3473 429 3522 ε’.
451 3473 491 3536 καὶ
499 3468 561 3526 οὗτοι
576 3482 601 3523 “.
621 3481 672 3535 ΔΒ,
695 3476 716 3525 οἱ
735 3476 841 3542 ποιμένες
865 3474 885 3525 εἰ
904 3476 990 3526 ἔσοιντο
1010 3473 1052 3525 καὶ
1072 3474 1175 3527 αἰπόλοι.

219 3563 288 3628 [Καὶ
304 3557 425 3625 οὗτοιίέ,
443 3561 495 3635 εὖγε
514 3571 553 3624 τῆς
571 3563 725 3636 διορθώσιως.
743 3556 787 3618 ὅτι
801 3564 896 3634 κομψῶς
910 3567 984 3633 ταύτῃ
997 3585 1024 3638 γε
1040 3565 1081 3618 καὶ
1096 3586 1180 3638 στρογ-

217 3657 294 3726 γύλως
313 3657 403 3708 έκαστοι
417 3662 464 3708 τῶν
480 3658 599 3726 ὀνομάτων
614 3659 815 3729 ἀποτετόρνευται.
832 3660 928 3718 Λούκιος
943 3661 954 3709 ὁ
970 3636 1083 3728 Πατρέὺς,
1102 3660 1179 3711 ἐλού-

218 3767 307 3799 σαντο
327 3748 377 3800 καὶ
396 3743 485 3802 οὗτοι.
502 3741 524 3799 H
539 3748 615 3812 βλάύκ
628 3753 650 3803 ἐν
663 3759 696 3820 τῷ
713 3746 795 3805 οὗτοι
808 3745 917 3810 ὧδέπως
931 3753 1034 3821 ἐγένετο,
1049 3751 1090 3803 καὶ
1099 3755 1178 3821 μέντοι

217 3840 257 3891 καὶ
275 3841 350 3892 ἴσασιν
370 3843 392 3892 οἱ
411 3842 558 3894 τὰτοιαῦτα
578 3840 734 3911 ἀκριόοῦντες·
754 3845 877 3912 ἀκεφάλοις
897 3845 975 3912 εὑρέθη
996 3843 1054 3894 ποτέ
1071 3862 1177 3914 γεγραμ-

215 3935 282 3999 μένον
300 3973 304 3982 .
325 3974 329 3982 .
350 3973 353 3982 .
373 3974 377 3983 .
395 3954 454 3996 τοι,
475 3936 658 4003 ἐκτετριμμένον
676 3932 774 3989 δηλαδὴ
794 3941 839 3988 τῶν
852 3935 953 4003 πρώτων
967 3936 1102 3999 στοιχείων,
1124 3929 1175 3986 εἶτα
