2768 4874
188 653 254 697 120
386 633 507 700 ΑΟΓΓ
513 633 571 699 ΟΥ
602 635 919 701 ΠΟΙΜΕΝΙΚΩΝ

184 796 333 893 μειζόνων.
353 804 494 875 Τοσαύτη
514 793 548 868 δέ
565 801 600 876 ἦν
619 794 798 893 κηδεμονία,
814 807 890 868 ὥστε
906 799 1010 868 καὶτὰ
1024 804 1140 895 κέρατα

83 1013 87 1023 ,
182 953 302 1044 ἥλιιρε,
328 952 378 1019 καὶ
405 950 460 1028 τὰς
483 951 588 1044 τρίχας
609 952 773 1044 ἐθεράπευε.
803 950 903 1028 Πανδς
931 947 966 1016 α’ίν
991 977 1036 1028 τις
1060 949 1137 1043 ἱερὰν

183 1102 290 1194 ἀγέλην
315 1094 415 1178 ἔδοξεν
433 1104 514 1194 ὁρᾷν.
540 1090 698 1169 Εκοινύνει
717 1092 883 1177 δὲ’ποιντὸς
905 1100 944 1177 είς
966 1096 1057 1178 αὐτὰς
1081 1125 1140 1166 κα·

184 1251 282 1341 μότου
304 1249 355 1317 καὶ
376 1255 394 1323 ἡ
420 1250 522 1322 Χλόη·
544 1249 595 1316 καὶ
619 1259 672 1327 τῆς
697 1249 823 1340 ποίμνης
844 1256 1080 1341 παραμελοῦσα,
1102 1250 1138 1315 τὸ

183 1402 273 1469 πλέον
292 1402 414 1479 ἐκείναις
431 1387 475 1494 (¹)
493 1394 650 1492 ἐσχόλαζεν
668 1386 728 1492 (2)·
747 1403 826 1465 ὥστε
848 1393 975 1490 ἐνόμιζεν
991 1403 1008 1464 ὁ
1026 1396 1141 1488 Δάφνις

183 1540 223 1615 δι’
237 1547 346 1622 ἐκείνην
366 1547 461 1627 αὐτὰς
479 1547 631 1641 φαίνεσθαι
649 1547 754 1626 καλοίς.

235 1784 265 1851 5.
294 1775 337 1852 Εν
361 1788 479 1861 τούτοις
497 1781 575 1850 οὖσιν
596 1789 715 1868 αὐτοῖς,
741 1775 879 1876 δεύτερος
898 1780 1025 1877 ἅγγελος
1046 1783 1141 1850 ἐλθὼν

180 1928 212 2012 ἐξ
227 1930 335 2012 οἷστεος
354 1935 482 2002 ἐκέλευεν
508 1934 684 2027 ἀποτρυγᾷν
702 1931 758 2012 τὰς
781 1934 932 2024 ἀμπέλους
955 1936 1001 2001 ὅτι
1021 1919 1063 2026 (³)
1083 1934 1141 2007 τοί-

132 2105 296 2176 ισσχιστα·
323 2083 374 2150 καὶ
394 2084 483 2161 αὐτὸς
510 2085 563 2176 ἐρη
587 2086 767 2178 παραμένειγ
790 2085 851 2149 ἔστ’
877 2079 911 2148 διν
934 2083 1003 2160 τοὺς
1030 2082 1142 2175 βότρυς

180 2237 328 2306 ποιείσωσι
345 2239 485 2327 γλεῦκος,
507 2229 571 2300 εἶτα
591 2238 686 2312 οὕτως
708 2234 859 2301 κατελθὼν
885 2233 924 2311 εἰς
947 2231 1002 2307 τλν
1029 2232 1140 2317 πόλιν,

181 2379 259 2475 εἴξειν
287 2384 340 2449 τὸν
367 2374 535 2467 δεσπότην,
562 2374 621 2457 ἤδη
648 2393 702 2461 τῆς
729 2393 933 2477 μετοπωρινῆς
954 2385 1065 2476 τρύγης
1087 2370 1138 2469 (⁴).

180 2500 298 2595 Τοῦτόν
324 2554 357 2594 τε
381 2527 428 2595 οὖν
455 2530 508 2594 τὸν
535 2513 576 2620 (⁵)
603 2519 778 2623 Εὔδρομον,
807 2532 887 2594 οὕτω
905 2527 962 2622 γὰρ
986 2532 1161 2613 ἐκαλεῖτο,

181 2681 227 2742 ὅτι
251 2674 287 2749 ἦν
306 2681 389 2763 αὐτῷ
415 2681 497 2770 ἔργον
519 2678 653 2769 τρέχειν,
676 2668 843 2780 ἐδεξιοῦντο
862 2682 962 2745 πᾶσαν
986 2669 1138 2780 δεξίωσιν,

181 2827 232 2892 καὶ
259 2827 324 2919 ἅμα
344 2825 399 2906 τὰς
418 2828 574 2918 ἀμπέλους
598 2827 791 2921 ἀπετρύγων,
812 2826 881 2905 τοὺς
902 2828 1012 2922 βότρυς
1030 2830 1059 2906 ἐς
1080 2825 1138 2907 τὰς

72 3029 74 3036 -
180 2981 285 3057 ληνοὺς
301 2972 494 3070 κομίζοντες,
517 2977 554 3044 τὸ
568 2983 691 3070 γλεῦκος
709 2977 748 3056 είς
762 2979 833 3055 τοὺς
851 2976 955 3057 πίθους
977 2978 1137 3073 φέροντες,

183 3137 244 3193 τῶν
271 3130 411 3222 βοτρύων
429 3129 540 3234 τοὺςιῖ
559 3138 653 3206 ῶντας
678 3127 728 3196 ἐπὶ
745 3128 904 3220 κλημάτων
923 3129 1138 3222 ἀφαιροῦντες·

534 3254 540 3306 ,¹

167 3441 169 3445 ’
216 3431 253 3496 (1)
271 3423 557 3496 Εενίναις*.Β,ίιιιίνοις.

216 3523 253 3586 (2)
271 3512 401 3587 Ὲσχολαζεν
410 3563 416 3586 ,
426 3531 451 3574 Β.

215 3615 252 3682 (a)
272 3605 324 3678 ὅτι,
339 3623 365 3666 ι.

147 3732 150 3734 ·
216 3711 254 3776 (4)
272 3710 371 3779 Τρύγης.
392 3716 425 3771 Β,
440 3706 489 3764 ἤδη
507 3716 665 3782 μετοπωρινῆς
689 3709 706 3774 Γ,
726 3711 819 3780 τρύγης.
838 3707 947 3776 Σημαίνιι
967 3700 997 3758 δέ
1016 3705 1078 3758 τὀί.
1100 3706 1138 3757 ὅτι

178 3802 220 3866 οὐχ
233 3801 298 3872 ὑγιὴς
310 3803 325 3858 ἡ
339 3801 437 3872 γραφη·
454 3801 505 3852 ἀλλ’
521 3798 545 3853 οὗ
557 3803 613 3865 ἔχει.

211 3895 250 3961 (5)
266 3895 318 3956 Τόν,
333 3900 359 3944 B.
