2768 4874
265 614 328 684 132
463 617 648 683 ΛΟΓΓΟΥ
680 615 1000 681 ΠΟΙΜΕΝΙΚΩΝ

210 817 248 857 ιω
260 787 340 872 θεὸν,
370 778 497 878 ξιφίδιον
516 781 643 868 λαὸὼν,
667 785 717 851 καὶ
740 787 896 875 ἐμπλήσας
920 787 977 858 τὴν
997 784 1131 877 γαστέρα
1157 809 1223 877 τρο

259 948 314 1030 ρῆς
335 923 395 1029 (¹),
424 934 555 1027 ἐμαυτὸν
584 933 742 1001 ἀποκτενῶ
767 932 825 1025 πρὸ
849 941 908 998 τῶν
935 921 1084 1023 Δάφνιδος
1109 931 1222 1024 θυρῶν·

260 1087 296 1152 σθ
314 1076 348 1152 δὲ
367 1086 468 1152 οὐκέτι
486 1087 619 1162 καλέσεις
633 1080 849 1175 Γναθωνάριον,
869 1086 968 1173 ὥσπερ
986 1079 1094 1158 εἰῶθιις
1108 1075 1224 1160 παίζων

260 1235 344 1303 ἀεί.ν

317 1410 365 1472 ¹7·
395 1387 463 1450 Οὐκ
484 1383 611 1474 ἀντέσχε
631 1381 772 1470 κλρίοντι,
791 1381 842 1447 καὶ
862 1377 944 1458 αὖθις
960 1379 1031 1458 τοὺς
1050 1371 1150 1459 πόδας
1170 1406 1224 1447 κα-

260 1538 453 1624 ταριλοῦντι,
472 1531 622 1608 νεανίσκος
641 1535 848 1624 μεγαλόφρων,
868 1533 924 1597 οὐκ
942 1525 1063 1624 ἄπειρος
1081 1534 1225 1623 ἐρωτικῆς

255 1683 353 1760 λύπας
371 1669 426 1774 (²),
441 1683 508 1748 ἀλλ’
526 1680 657 1754 αἰτήσειν
676 1681 768 1747 αὐτὸν
787 1679 871 1773 παρὰ
888 1691 945 1748 τοῦ
960 1680 1073 1774 πατρὸς
1088 1679 1227 1775 έπαγγεί·

255 1838 334 1898 λατο
356 1818 416 1923 (3),
435 1829 486 1897 καὶ
503 1828 635 1922 κομίσειν
654 1828 694 1908 εἰς
718 1833 772 1904 τὴν
790 1829 896 1915 πέλεν,
919 1835 1004 1917 αὑτῷ
1022 1830 1076 1924 μέν
1098 1820 1225 1916 δοῦλον,

260 1978 359 2065 ἐκείνῳ
375 1970 410 2047 δὲ
428 1981 584 2070 δρώμενον.
606 1975 659 2054 Εἰς
677 1974 835 2068 ἐπιθυμίαν
856 1962 899 2069 (⁴)
919 1967 954 2043 δὲ
975 1976 1026 2044 καὶ
1042 1976 1134 2044 αὐτὸν
1154 1981 1226 2044 έκεῖ-

258 2154 307 2195 νον
326 2129 417 2196 θέλων
435 2133 632 2220 προαγαγεῖν,
651 2125 832 2193 ἐπυνθάνετο
849 2117 990 2218 μειδιῶν,
1008 2126 1033 2193 εί
1049 2130 1105 2194 οὐκ
1119 2126 1226 2219 αἰσχί-

258 2303 341 2343 νεται
358 2276 506 2369 Λοίμωνος
526 2277 589 2343 υἱὸν
616 2281 727 2367 ριλῶν,
750 2274 830 2345 ἀλλὰ
855 2275 905 2342 καὶ
925 2267 1089 2356 σπουδιίζει
1108 2301 1224 2370 συγκα-

260 2429 437 2503 τακλιθῆναι
456 2429 578 2520 νέμοντι
601 2422 688 2522 αἶγας
710 2427 874 2522 μειρακίῳ·
894 2429 945 2496 καὶ
964 2429 1029 2521 ἀμα
1046 2427 1223 2523 ὑπεκρίνετο

257 2580 310 2651 τὴν
334 2580 478 2669 τραγικὴν
503 2566 656 2643 δυσωδίαν
679 2576 899 2667 μυσυίττεσθαιι
925 2566 1027 2663 Οδὲ,
1053 2576 1102 2651 οἷα
1120 2576 1223 2647 πᾶσαν

257 2729 401 2818 ἐρωτικὴν
429 2725 610 2818 μυθολογίαν
636 2730 666 2794 ἐν
695 2733 759 2804 τοῖς
787 2737 849 2794 τῶν
888 2727 1015 2795 ἀσώτων
1044 2729 1223 2820 συμποσίοις

207 2919 241 2957 101
257 2865 510 2965 πεπαιδευμένος,
535 2877 591 2941 οὐκ
618 2872 680 2941 ἀπὸ
707 2883 823 2941 σκοποῦ
846 2874 898 2941 καὶ
923 2876 996 2967 ὑπὲρ
1027 2880 1143 2961 αὑτοῦ,
1170 2876 1221 2944 καὶ

291 3116 328 3181 (ι)
347 3119 445 3185 Τροφίς.
460 3101 643 3183 -λλκίρρωψ
668 3111 694 3161 οὺ
711 3109 825 3182 πρότερον
846 3098 1015 3184 στραγγαλίσω
1037 3113 1077 3165 τὸν
1102 3112 1220 3184 τρέχπλσν

255 3204 309 3274 πρὶν
320 3204 435 3275 τραπέζης
451 3204 587 3257 ἀπολαθσαι
599 3207 748 3261 πολυτελοῦς.
1206 3226 1209 3233 ·

290 3297 328 3363 (²)
346 3297 440 3360 Αθπιι,
455 3301 503 3348 AB.
637 3349 642 3354 .

290 3387 328 3454 (3)
346 3378 559 3459 &mmmmm
573 3392 600 3447 B,
616 3377 783 3458 ἀπηγγέλλετο.

290 3480 326 3543 (4)
344 3469 488 3546 ἐπιθυμίαν,
500 3485 529 3529 A.
546 3485 578 3540 B,
594 3475 708 3546 ένθυμίαν.
723 3476 845 3548 Γραπτίον
860 3472 941 3527 δοκεῖ·
961 3477 992 3536 εἰς
1008 3478 1132 3548 έπνθυμίαν
1148 3475 1218 3551 θίγε

254 3570 323 3624 αὐτὸν
342 3570 427 3623 έκιίνου
441 3573 461 3620 θ.
474 3589 517 3640 πρ.
531 3571 629 3640 [Ᾰθτῷ
713 3569 819 3640 έκιίνιρ
836 3570 991 3622 ..αὐτὸν
1007 3572 1136 3624 έκιῑνον.
1154 3572 1217 3624 Πάνυ

250 3665 331 3734 ὁμοῖον
345 3659 403 3714 τόθι
421 3663 561 3722 Πλάτωνος·
578 3659 744 3734 Χαρμίδας
760 3656 949 3732 βουλόμενος
969 3663 1008 3732 μή
1030 3664 1125 3722 αὐτὸς
1148 3665 1211 3716 ὑπέ·

252 3773 318 3820 χειν
338 3755 425 3826 λόγον
450 3754 513 3806 ἀλλ’
533 3755 649 3807 ι’κιῖνον
672 3758 722 3812 τῆς
743 3753 944 3825 ἀποκρίσεως,
966 3755 1113 3807 ὑπικίνιι
1129 3755 1199 3806 αὐτὸ

251 3849 377 3900 ι’κιῐνον.
394 3849 514 3919 Γραπτέον
528 3845 584 3906 ἴσως
598 3852 656 3915 παρ’
672 3845 826 3916 ἀμφοτέροις·
844 3847 937 3905 αὐτὸς
956 3847 1082 3899 ἐκιῖνον.
1101 3854 1128 3899 Σ.
1147 3866 1193 3915 19²
