<?xml version="1.0" encoding="UTF-8"?>
<!DOCTYPE html PUBLIC "-//W3C//DTD XHTML 1.0 Transitional//EN"
    "http://www.w3.org/TR/xhtml1/DTD/xhtml1-transitional.dtd">
<html xmlns="http://www.w3.org/1999/xhtml" xml:lang="en" lang="en">
 <head>
  <title>
</title>
<meta http-equiv="Content-Type" content="text/html;charset=utf-8" />
  <meta name='ocr-system' content='tesseract 3.04.00' />
  <meta name='ocr-capabilities' content='ocr_page ocr_carea ocr_par ocr_line ocrx_word'/>
</head>
<body>
  <div class='ocr_page' id='page_1' title='image "./longipastoralia00sinngoog_0096.png"; bbox 0 0 2768 4874; ppageno 0'>
   <div class='ocr_carea' id='block_1_1' title="bbox 150 652 1137 1509">
    <p class='ocr_par' dir='ltr' id='par_1_1' title="bbox 447 652 1134 738">
     <span class='ocr_line' id='line_1_1' title="bbox 447 652 1134 738; baseline -0.01 -18"><span class='ocrx_word' id='word_1_1' title='bbox 447 655 606 721; x_wconf 81' lang='grc' dir='ltr'><strong>ΛΟΓΟΣ</strong></span> <span class='ocrx_word' id='word_1_2' title='bbox 644 652 845 718; x_wconf 81' lang='grc' dir='ltr'><strong>ΠΡΩΤΟΣ.</strong></span> <span class='ocrx_word' id='word_1_3' title='bbox 1095 669 1134 738; x_wconf 85' lang='lat'>17</span> 
     </span>
    </p>

    <p class='ocr_par' dir='ltr' id='par_1_2' title="bbox 150 818 1137 1509">
     <span class='ocr_line' id='line_1_2' title="bbox 150 818 1137 915; baseline -0.005 -25"><span class='ocrx_word' id='word_1_4' title='bbox 150 818 279 893; x_wconf 70' lang='grc' dir='ltr'>Ἰόάτων</span> <span class='ocrx_word' id='word_1_5' title='bbox 301 823 440 890; x_wconf 82' lang='grc' dir='ltr'>άπολωλί</span> <span class='ocrx_word' id='word_1_6' title='bbox 463 849 524 914; x_wconf 91' lang='grc' dir='ltr'>μοι.</span> <span class='ocrx_word' id='word_1_7' title='bbox 550 821 706 915; x_wconf 85' lang='grc' dir='ltr'>Καίομαι,</span> <span class='ocrx_word' id='word_1_8' title='bbox 731 821 781 886; x_wconf 88' lang='grc' dir='ltr'>καὶ</span> <span class='ocrx_word' id='word_1_9' title='bbox 801 823 831 886; x_wconf 80' lang='grc' dir='ltr'>ἐν</span> <span class='ocrx_word' id='word_1_10' title='bbox 852 825 922 906; x_wconf 90' lang='grc' dir='ltr'>σκιᾷ</span> <span class='ocrx_word' id='word_1_11' title='bbox 938 823 1071 912; x_wconf 80' lang='grc' dir='ltr'>τοσαύτῃ</span> <span class='ocrx_word' id='word_1_12' title='bbox 1087 820 1137 885; x_wconf 83' lang='grc' dir='ltr'>καί·</span> 
     </span>
     <span class='ocr_line' id='line_1_3' title="bbox 177 962 1133 1066; baseline -0.007 -27"><span class='ocrx_word' id='word_1_13' title='bbox 177 975 279 1066; x_wconf 89' lang='grc' dir='ltr'>θημαι.</span> <span class='ocrx_word' id='word_1_14' title='bbox 294 972 390 1040; x_wconf 85' lang='grc' dir='ltr'>Πόσοι</span> <span class='ocrx_word' id='word_1_15' title='bbox 403 971 492 1057; x_wconf 91' lang='grc' dir='ltr'>βάτοι</span> <span class='ocrx_word' id='word_1_16' title='bbox 504 996 540 1062; x_wconf 90' lang='grc' dir='ltr'>με</span> <span class='ocrx_word' id='word_1_17' title='bbox 552 971 697 1047; x_wconf 90' lang='grc' dir='ltr'>πολλάκις</span> <span class='ocrx_word' id='word_1_18' title='bbox 711 962 843 1060; x_wconf 76' lang='grc' dir='ltr'>ἥμυξαν,</span> <span class='ocrx_word' id='word_1_19' title='bbox 860 968 977 1034; x_wconf 84' lang='grc' dir='ltr'>καὶούκ</span> <span class='ocrx_word' id='word_1_20' title='bbox 992 969 1133 1034; x_wconf 79' lang='grc' dir='ltr'>ἔκλαυσα.</span> 
     </span>
     <span class='ocr_line' id='line_1_4' title="bbox 176 1104 1134 1214; baseline -0.007 -25"><span class='ocrx_word' id='word_1_21' title='bbox 176 1121 276 1190; x_wconf 83' lang='grc' dir='ltr'>Πόσαι</span> <span class='ocrx_word' id='word_1_22' title='bbox 292 1122 432 1214; x_wconf 77' lang='grc' dir='ltr'>μέλιτται</span> <span class='ocrx_word' id='word_1_23' title='bbox 444 1121 551 1212; x_wconf 78' lang='grc' dir='ltr'>κέντρα</span> <span class='ocrx_word' id='word_1_24' title='bbox 563 1122 685 1203; x_wconf 79' lang='grc' dir='ltr'>ἐνῆκαν,</span> <span class='ocrx_word' id='word_1_25' title='bbox 700 1116 779 1184; x_wconf 81' lang='grc' dir='ltr'>ἀλλὰ</span> <span class='ocrx_word' id='word_1_26' title='bbox 790 1118 911 1210; x_wconf 81' lang='grc' dir='ltr'>ἔφαγον.</span> <span class='ocrx_word' id='word_1_27' title='bbox 926 1118 1019 1187; x_wconf 83' lang='grc' dir='ltr'>Τουτὶ</span> <span class='ocrx_word' id='word_1_28' title='bbox 1033 1108 1072 1191; x_wconf 80' lang='grc' dir='ltr'>θὴ</span> <span class='ocrx_word' id='word_1_29' title='bbox 1092 1104 1134 1211; x_wconf 82' lang='lat'>(¹)</span> 
     </span>
     <span class='ocr_line' id='line_1_5' title="bbox 175 1259 1132 1361; baseline -0.007 -24"><span class='ocrx_word' id='word_1_30' title='bbox 175 1272 210 1337; x_wconf 88' lang='grc' dir='ltr'>τὸ</span> <span class='ocrx_word' id='word_1_31' title='bbox 229 1273 336 1337; x_wconf 78' lang='grc' dir='ltr'>νύττον</span> <span class='ocrx_word' id='word_1_32' title='bbox 363 1295 419 1361; x_wconf 95' lang='grc' dir='ltr'>μου</span> <span class='ocrx_word' id='word_1_33' title='bbox 441 1272 496 1343; x_wconf 78' lang='grc' dir='ltr'>τὴν</span> <span class='ocrx_word' id='word_1_34' title='bbox 518 1259 644 1360; x_wconf 73' lang='grc' dir='ltr'>καρδίαν</span> <span class='ocrx_word' id='word_1_35' title='bbox 664 1266 786 1334; x_wconf 87' lang='grc' dir='ltr'>πάντων</span> <span class='ocrx_word' id='word_1_36' title='bbox 812 1266 926 1332; x_wconf 83' lang='grc' dir='ltr'>ἐκείνων</span> <span class='ocrx_word' id='word_1_37' title='bbox 948 1266 1132 1359; x_wconf 75' lang='grc' dir='ltr'>πικρότερον.</span> 
     </span>
     <span class='ocr_line' id='line_1_6' title="bbox 175 1405 1135 1509; baseline -0.004 -25"><span class='ocrx_word' id='word_1_38' title='bbox 175 1405 279 1495; x_wconf 83' lang='grc' dir='ltr'>Καλός</span> <span class='ocrx_word' id='word_1_39' title='bbox 298 1423 314 1484; x_wconf 92' lang='grc' dir='ltr'>ό</span> <span class='ocrx_word' id='word_1_40' title='bbox 330 1417 455 1508; x_wconf 89' lang='grc' dir='ltr'>Δάφνις,</span> <span class='ocrx_word' id='word_1_41' title='bbox 473 1417 524 1483; x_wconf 86' lang='grc' dir='ltr'>καὶ</span> <span class='ocrx_word' id='word_1_42' title='bbox 539 1414 596 1509; x_wconf 80' lang='grc' dir='ltr'>γὰρ</span> <span class='ocrx_word' id='word_1_43' title='bbox 614 1414 655 1481; x_wconf 85' lang='grc' dir='ltr'>τὰ</span> <span class='ocrx_word' id='word_1_44' title='bbox 670 1412 759 1488; x_wconf 88' lang='grc' dir='ltr'>άνθη·</span> <span class='ocrx_word' id='word_1_45' title='bbox 781 1416 872 1481; x_wconf 83' lang='grc' dir='ltr'>καλὸν</span> <span class='ocrx_word' id='word_1_46' title='bbox 887 1421 906 1488; x_wconf 79' lang='grc' dir='ltr'>η</span> <span class='ocrx_word' id='word_1_47' title='bbox 924 1409 1027 1508; x_wconf 73' lang='grc' dir='ltr'>σύριγξ</span> <span class='ocrx_word' id='word_1_48' title='bbox 1042 1419 1135 1481; x_wconf 83' lang='grc' dir='ltr'>αὐτοῦ</span> 
     </span>
    </p>
   </div>
   <div class='ocr_carea' id='block_1_2' title="bbox 172 1546 1134 1660">
    <p class='ocr_par' dir='ltr' id='par_1_3' title="bbox 172 1546 1134 1660">
     <span class='ocr_line' id='line_1_7' title="bbox 172 1546 1134 1660; baseline -0.004 -28"><span class='ocrx_word' id='word_1_49' title='bbox 172 1568 345 1660; x_wconf 79' lang='grc' dir='ltr'>φθέγγεται,</span> <span class='ocrx_word' id='word_1_50' title='bbox 367 1567 417 1631; x_wconf 89' lang='grc' dir='ltr'>καὶ</span> <span class='ocrx_word' id='word_1_51' title='bbox 437 1563 494 1659; x_wconf 80' lang='grc' dir='ltr'>γὰρ</span> <span class='ocrx_word' id='word_1_52' title='bbox 512 1566 543 1631; x_wconf 85' lang='grc' dir='ltr'>αἱ</span> <span class='ocrx_word' id='word_1_53' title='bbox 567 1554 707 1640; x_wconf 83' lang='grc' dir='ltr'>άηθόνες·</span> <span class='ocrx_word' id='word_1_54' title='bbox 731 1564 798 1629; x_wconf 87' lang='grc' dir='ltr'>αλλ’</span> <span class='ocrx_word' id='word_1_55' title='bbox 820 1562 934 1629; x_wconf 84' lang='grc' dir='ltr'>ἐκείνων</span> <span class='ocrx_word' id='word_1_56' title='bbox 962 1554 1059 1641; x_wconf 79' lang='grc' dir='ltr'>οὐθείς</span> <span class='ocrx_word' id='word_1_57' title='bbox 1083 1546 1134 1655; x_wconf 87' lang='grc' dir='ltr'>μοι</span> 
     </span>
    </p>
   </div>
   <div class='ocr_carea' id='block_1_3' title="bbox 168 1700 1132 1809">
    <p class='ocr_par' dir='ltr' id='par_1_4' title="bbox 168 1700 1132 1809">
     <span class='ocr_line' id='line_1_8' title="bbox 168 1700 1132 1809; baseline 0.005 -34"><span class='ocrx_word' id='word_1_58' title='bbox 168 1715 270 1809; x_wconf 66' lang='grc' dir='ltr'>λόγος.</span> <span class='ocrx_word' id='word_1_59' title='bbox 284 1712 354 1782; x_wconf 87' lang='grc' dir='ltr'>Εἴθε</span> <span class='ocrx_word' id='word_1_60' title='bbox 370 1719 460 1781; x_wconf 86' lang='grc' dir='ltr'>αὐτοῦ</span> <span class='ocrx_word' id='word_1_61' title='bbox 472 1707 574 1806; x_wconf 76' lang='grc' dir='ltr'>σύριγξ</span> <span class='ocrx_word' id='word_1_62' title='bbox 586 1712 739 1806; x_wconf 78' lang='grc' dir='ltr'>ἐγενόμην,</span> <span class='ocrx_word' id='word_1_63' title='bbox 756 1715 792 1778; x_wconf 85' lang='grc' dir='ltr'>ἵν’</span> <span class='ocrx_word' id='word_1_64' title='bbox 807 1714 918 1804; x_wconf 82' lang='grc' dir='ltr'>ε’μπνίη</span> <span class='ocrx_word' id='word_1_65' title='bbox 937 1738 1002 1805; x_wconf 87' lang='grc' dir='ltr'>μοι·</span> <span class='ocrx_word' id='word_1_66' title='bbox 1019 1711 1076 1780; x_wconf 84' lang='grc' dir='ltr'>εἴθε</span> <span class='ocrx_word' id='word_1_67' title='bbox 1089 1700 1132 1805; x_wconf 71' lang='lat'>(²)</span> 
     </span>
    </p>
   </div>
   <div class='ocr_carea' id='block_1_4' title="bbox 83 1838 1172 2849">
    <p class='ocr_par' dir='ltr' id='par_1_5' title="bbox 83 1838 1172 2849">
     <span class='ocr_line' id='line_1_9' title="bbox 173 1838 1172 1955; baseline -0.003 -25"><span class='ocrx_word' id='word_1_68' title='bbox 173 1858 237 1948; x_wconf 82' lang='grc' dir='ltr'>αἲξ,</span> <span class='ocrx_word' id='word_1_69' title='bbox 263 1867 299 1931; x_wconf 85' lang='grc' dir='ltr'>ἵν’</span> <span class='ocrx_word' id='word_1_70' title='bbox 325 1868 374 1931; x_wconf 84' lang='grc' dir='ltr'>ὑπ’</span> <span class='ocrx_word' id='word_1_71' title='bbox 397 1861 506 1929; x_wconf 81' lang='grc' dir='ltr'>ἐκείνου</span> <span class='ocrx_word' id='word_1_72' title='bbox 531 1863 676 1953; x_wconf 83' lang='grc' dir='ltr'>νίμωμαι.</span> <span class='ocrx_word' id='word_1_73' title='bbox 702 1838 734 1928; x_wconf 81' lang='grc' dir='ltr'><strong>Ο</strong></span> <span class='ocrx_word' id='word_1_74' title='bbox 759 1865 887 1955; x_wconf 89' lang='grc' dir='ltr'>πονηρὸν</span> <span class='ocrx_word' id='word_1_75' title='bbox 914 1854 1013 1955; x_wconf 75' lang='grc' dir='ltr'>ὕδωρ,</span> <span class='ocrx_word' id='word_1_76' title='bbox 1042 1863 1131 1955; x_wconf 90' lang='grc' dir='ltr'>μόνον</span> <span class='ocrx_word' id='word_1_77' title='bbox 1146 1879 1172 1918; x_wconf 73' lang='lat'>²³</span> 
     </span>
     <span class='ocr_line' id='line_1_10' title="bbox 83 2001 1130 2105; baseline -0.002 -27"><span class='ocrx_word' id='word_1_78' title='bbox 83 2052 90 2065; x_wconf 86' lang='lat'>=</span> <span class='ocrx_word' id='word_1_79' title='bbox 171 2010 280 2102; x_wconf 80' lang='grc' dir='ltr'>Δάφνιν</span> <span class='ocrx_word' id='word_1_80' title='bbox 310 2012 400 2076; x_wconf 85' lang='grc' dir='ltr'>καλὸν</span> <span class='ocrx_word' id='word_1_81' title='bbox 429 2010 586 2105; x_wconf 84' lang='grc' dir='ltr'>ἐποίησας,</span> <span class='ocrx_word' id='word_1_82' title='bbox 617 2014 675 2102; x_wconf 82' lang='grc' dir='ltr'>ἐγὼ</span> <span class='ocrx_word' id='word_1_83' title='bbox 704 2001 739 2075; x_wconf 79' lang='grc' dir='ltr'>θὲ</span> <span class='ocrx_word' id='word_1_84' title='bbox 772 2010 872 2102; x_wconf 88' lang='grc' dir='ltr'>μάτην</span> <span class='ocrx_word' id='word_1_85' title='bbox 907 2012 1130 2103; x_wconf 85' lang='grc' dir='ltr'>ἀπελουσάμην.</span> 
     </span>
     <span class='ocr_line' id='line_1_11' title="bbox 171 2149 1134 2251; baseline -0.003 -25"><span class='ocrx_word' id='word_1_86' title='bbox 171 2160 324 2251; x_wconf 81' lang='grc' dir='ltr'>Οἵχομαι,</span> <span class='ocrx_word' id='word_1_87' title='bbox 344 2160 470 2249; x_wconf 91' lang='grc' dir='ltr'>Νύμφαι</span> <span class='ocrx_word' id='word_1_88' title='bbox 486 2157 585 2249; x_wconf 88' lang='grc' dir='ltr'>φιλαι,</span> <span class='ocrx_word' id='word_1_89' title='bbox 606 2159 656 2223; x_wconf 87' lang='grc' dir='ltr'>καὶ</span> <span class='ocrx_word' id='word_1_90' title='bbox 676 2149 747 2223; x_wconf 76' lang='grc' dir='ltr'>οὐδὲ</span> <span class='ocrx_word' id='word_1_91' title='bbox 766 2163 848 2249; x_wconf 82' lang='grc' dir='ltr'>ὑμεῖς</span> <span class='ocrx_word' id='word_1_92' title='bbox 865 2153 973 2236; x_wconf 83' lang='grc' dir='ltr'>σώζετε</span> <span class='ocrx_word' id='word_1_93' title='bbox 989 2163 1043 2233; x_wconf 74' lang='grc' dir='ltr'>τὴν</span> <span class='ocrx_word' id='word_1_94' title='bbox 1059 2185 1134 2251; x_wconf 88' lang='grc' dir='ltr'>παρ-</span> 
     </span>
     <span class='ocr_line' id='line_1_12' title="bbox 171 2304 1132 2403; baseline 0.001 -31"><span class='ocrx_word' id='word_1_95' title='bbox 171 2305 271 2391; x_wconf 82' lang='grc' dir='ltr'>θένον,</span> <span class='ocrx_word' id='word_1_96' title='bbox 291 2308 344 2379; x_wconf 72' lang='grc' dir='ltr'>τὴν</span> <span class='ocrx_word' id='word_1_97' title='bbox 366 2306 393 2369; x_wconf 78' lang='grc' dir='ltr'>ἐν</span> <span class='ocrx_word' id='word_1_98' title='bbox 412 2309 480 2395; x_wconf 84' lang='grc' dir='ltr'>ὑμῖν</span> <span class='ocrx_word' id='word_1_99' title='bbox 498 2309 669 2396; x_wconf 83' lang='grc' dir='ltr'>τραφεῖσαν.</span> <span class='ocrx_word' id='word_1_100' title='bbox 689 2304 742 2381; x_wconf 89' lang='grc' dir='ltr'>Τίς</span> <span class='ocrx_word' id='word_1_101' title='bbox 764 2310 842 2395; x_wconf 79' lang='grc' dir='ltr'>ὑμᾶς</span> <span class='ocrx_word' id='word_1_102' title='bbox 863 2308 1043 2396; x_wconf 88' lang='grc' dir='ltr'>στεφανώσει</span> <span class='ocrx_word' id='word_1_103' title='bbox 1064 2312 1132 2403; x_wconf 82' lang='grc' dir='ltr'>μετ’</span> 
     </span>
     <span class='ocr_line' id='line_1_13' title="bbox 171 2428 1132 2546; baseline 0.004 -26"><span class='ocrx_word' id='word_1_104' title='bbox 171 2456 224 2546; x_wconf 84' lang='grc' dir='ltr'>ἐμέ</span> <span class='ocrx_word' id='word_1_105' title='bbox 231 2483 239 2536; x_wconf 89' lang='grc'>;</span> <span class='ocrx_word' id='word_1_106' title='bbox 268 2455 315 2532; x_wconf 88' lang='grc' dir='ltr'>τίς</span> <span class='ocrx_word' id='word_1_107' title='bbox 340 2455 416 2530; x_wconf 62' lang='grc' dir='ltr'>τοὺς»</span> <span class='ocrx_word' id='word_1_108' title='bbox 435 2452 552 2530; x_wconf 76' lang='grc' dir='ltr'>ἀθλίους</span> <span class='ocrx_word' id='word_1_109' title='bbox 574 2450 665 2545; x_wconf 80' lang='grc' dir='ltr'>ἄρνας</span> <span class='ocrx_word' id='word_1_110' title='bbox 692 2428 865 2546; x_wconf 73' lang='grc' dir='ltr'>άναθρέψει,</span> <span class='ocrx_word' id='word_1_111' title='bbox 890 2455 935 2535; x_wconf 88' lang='grc' dir='ltr'>τίς</span> <span class='ocrx_word' id='word_1_112' title='bbox 958 2461 1012 2530; x_wconf 71' lang='grc' dir='ltr'>τόν</span> <span class='ocrx_word' id='word_1_113' title='bbox 1036 2448 1132 2525; x_wconf 82' lang='grc' dir='ltr'>λαλόν</span> 
     </span>
     <span class='ocr_line' id='line_1_14' title="bbox 171 2595 1132 2700; baseline 0.003 -29"><span class='ocrx_word' id='word_1_114' title='bbox 171 2595 282 2697; x_wconf 81' lang='grc' dir='ltr'>ἀκρίθα</span> <span class='ocrx_word' id='word_1_115' title='bbox 304 2604 492 2695; x_wconf 71' lang='grc' dir='ltr'>θεραπεύσεις</span> <span class='ocrx_word' id='word_1_116' title='bbox 518 2602 553 2676; x_wconf 78' lang='grc' dir='ltr'>ἣν</span> <span class='ocrx_word' id='word_1_117' title='bbox 573 2601 674 2669; x_wconf 83' lang='grc' dir='ltr'>πολλὰ</span> <span class='ocrx_word' id='word_1_118' title='bbox 694 2615 833 2696; x_wconf 82' lang='grc' dir='ltr'>καμοῦσα</span> <span class='ocrx_word' id='word_1_119' title='bbox 852 2606 998 2698; x_wconf 77' lang='grc' dir='ltr'>ἐθύρασα,</span> <span class='ocrx_word' id='word_1_120' title='bbox 1026 2612 1075 2674; x_wconf 85' lang='grc' dir='ltr'>ἵνα</span> <span class='ocrx_word' id='word_1_121' title='bbox 1095 2636 1132 2700; x_wconf 89' lang='grc' dir='ltr'>με</span> 
     </span>
     <span class='ocr_line' id='line_1_15' title="bbox 171 2742 1131 2849; baseline 0.004 -30"><span class='ocrx_word' id='word_1_122' title='bbox 171 2746 368 2845; x_wconf 79' lang='grc' dir='ltr'>κατακοιμίζῃ</span> <span class='ocrx_word' id='word_1_123' title='bbox 390 2754 554 2845; x_wconf 76' lang='grc' dir='ltr'>φλεγομένη</span> <span class='ocrx_word' id='word_1_124' title='bbox 573 2751 657 2846; x_wconf 81' lang='grc' dir='ltr'>παρὰ</span> <span class='ocrx_word' id='word_1_125' title='bbox 678 2752 718 2819; x_wconf 82' lang='grc' dir='ltr'>τὰ</span> <span class='ocrx_word' id='word_1_126' title='bbox 738 2750 835 2848; x_wconf 84' lang='grc' dir='ltr'>άντρα</span> <span class='ocrx_word' id='word_1_127' title='bbox 851 2742 912 2846; x_wconf 82' lang='lat'>(³),</span> <span class='ocrx_word' id='word_1_128' title='bbox 933 2765 982 2822; x_wconf 90' lang='grc' dir='ltr'>νῦν</span> <span class='ocrx_word' id='word_1_129' title='bbox 1001 2748 1052 2841; x_wconf 79' lang='grc' dir='ltr'>δὲ,</span> <span class='ocrx_word' id='word_1_130' title='bbox 1072 2761 1131 2849; x_wconf 83' lang='grc' dir='ltr'>ἐγὼ</span> 
     </span>
    </p>
   </div>
   <div class='ocr_carea' id='block_1_5' title="bbox 173 2893 940 2995">
    <p class='ocr_par' dir='ltr' id='par_1_6' title="bbox 173 2893 940 2995">
     <span class='ocr_line' id='line_1_16' title="bbox 173 2893 940 2995; baseline 0.003 -27"><span class='ocrx_word' id='word_1_131' title='bbox 173 2903 224 2994; x_wconf 80' lang='grc' dir='ltr'>μὲν</span> <span class='ocrx_word' id='word_1_132' title='bbox 241 2905 381 2995; x_wconf 83' lang='grc' dir='ltr'>άγρυπνῶ</span> <span class='ocrx_word' id='word_1_133' title='bbox 400 2893 454 2968; x_wconf 78' lang='grc' dir='ltr'>Διὰ</span> <span class='ocrx_word' id='word_1_134' title='bbox 469 2904 595 2994; x_wconf 90' lang='grc' dir='ltr'>Δάφνιν,</span> <span class='ocrx_word' id='word_1_135' title='bbox 611 2910 630 2976; x_wconf 75' lang='grc' dir='ltr'><strong>ἡ</strong></span> <span class='ocrx_word' id='word_1_136' title='bbox 648 2895 682 2969; x_wconf 83' lang='grc' dir='ltr'>θὲ</span> <span class='ocrx_word' id='word_1_137' title='bbox 699 2904 797 2994; x_wconf 84' lang='grc' dir='ltr'>μάτην</span> <span class='ocrx_word' id='word_1_138' title='bbox 810 2898 911 2972; x_wconf 86' lang='grc' dir='ltr'>λαλεῖ.</span> <span class='ocrx_word' id='word_1_139' title='bbox 928 2934 940 2957; x_wconf 73' lang='grc' dir='ltr'>ν</span> 
     </span>
    </p>
   </div>
   <div class='ocr_carea' id='block_1_6' title="bbox 171 3146 1130 3412">
    <p class='ocr_par' dir='ltr' id='par_1_7' title="bbox 171 3146 1130 3412">
     <span class='ocr_line' id='line_1_17' title="bbox 211 3146 1130 3257; baseline 0.012 -34"><span class='ocrx_word' id='word_1_140' title='bbox 211 3146 215 3158; x_wconf 58' lang='grc'>’</span> <span class='ocrx_word' id='word_1_141' title='bbox 228 3160 277 3224; x_wconf 87' lang='lat'>15.</span> <span class='ocrx_word' id='word_1_142' title='bbox 306 3164 441 3226; x_wconf 76' lang='grc' dir='ltr'>Τοιαῦτα</span> <span class='ocrx_word' id='word_1_143' title='bbox 456 3161 586 3252; x_wconf 71' lang='grc' dir='ltr'>ἔπασχε,</span> <span class='ocrx_word' id='word_1_144' title='bbox 602 3171 731 3228; x_wconf 88' lang='grc' dir='ltr'>τοιαῦτα</span> <span class='ocrx_word' id='word_1_145' title='bbox 744 3165 861 3257; x_wconf 72' lang='grc' dir='ltr'>ἔλεγεν,</span> <span class='ocrx_word' id='word_1_146' title='bbox 879 3160 1061 3243; x_wconf 80' lang='grc' dir='ltr'>ἐπιζητοῦσα</span> <span class='ocrx_word' id='word_1_147' title='bbox 1075 3178 1130 3234; x_wconf 85' lang='grc' dir='ltr'>τοῦ</span> 
     </span>
     <span class='ocr_line' id='line_1_18' title="bbox 171 3296 1129 3412; baseline 0.014 -40"><span class='ocrx_word' id='word_1_148' title='bbox 171 3309 282 3399; x_wconf 80' lang='grc' dir='ltr'>ἔρωτος</span> <span class='ocrx_word' id='word_1_149' title='bbox 299 3306 394 3398; x_wconf 86' lang='grc' dir='ltr'>όνομα</span> <span class='ocrx_word' id='word_1_150' title='bbox 409 3296 463 3402; x_wconf 62' lang='lat'>(4).</span> <span class='ocrx_word' id='word_1_151' title='bbox 488 3310 608 3404; x_wconf 89' lang='grc' dir='ltr'>Δόρκων</span> <span class='ocrx_word' id='word_1_152' title='bbox 629 3303 664 3378; x_wconf 82' lang='grc' dir='ltr'>θὲ</span> <span class='ocrx_word' id='word_1_153' title='bbox 684 3319 700 3380; x_wconf 88' lang='grc' dir='ltr'>ὁ</span> <span class='ocrx_word' id='word_1_154' title='bbox 721 3314 881 3399; x_wconf 88' lang='grc' dir='ltr'>βουκολος,</span> <span class='ocrx_word' id='word_1_155' title='bbox 909 3321 925 3380; x_wconf 90' lang='grc' dir='ltr'>ό</span> <span class='ocrx_word' id='word_1_156' title='bbox 946 3317 997 3411; x_wconf 79' lang='grc' dir='ltr'>τὸν</span> <span class='ocrx_word' id='word_1_157' title='bbox 1018 3318 1129 3412; x_wconf 89' lang='grc' dir='ltr'>Δάφνιν</span> 
     </span>
    </p>
   </div>
   <div class='ocr_carea' id='block_1_7' title="bbox 817 3502 1130 3524">
    <p class='ocr_par' dir='ltr' id='par_1_8' title="bbox 817 3502 1130 3524">
     <span class='ocr_line' id='line_1_19' title="bbox 817 3502 1130 3524; baseline 0.003 -1"><span class='ocrx_word' id='word_1_158' title='bbox 817 3502 1130 3524; x_wconf 49' lang='lat' dir='ltr'>w</span> 
     </span>
    </p>
   </div>
   <div class='ocr_carea' id='block_1_8' title="bbox 207 3598 1131 3964">
    <p class='ocr_par' dir='ltr' id='par_1_9' title="bbox 207 3598 429 3666">
     <span class='ocr_line' id='line_1_20' title="bbox 207 3598 429 3666; baseline 0.005 -17"><span class='ocrx_word' id='word_1_159' title='bbox 207 3604 244 3666; x_wconf 86' lang='lat'>(1)</span> <span class='ocrx_word' id='word_1_160' title='bbox 263 3600 295 3655; x_wconf 77' lang='grc' dir='ltr'>Διί</span> <span class='ocrx_word' id='word_1_161' title='bbox 306 3607 331 3649; x_wconf 86' lang='grc'>“.</span> <span class='ocrx_word' id='word_1_162' title='bbox 347 3606 376 3662; x_wconf 79' lang='grc' dir='ltr'>Δ,</span> <span class='ocrx_word' id='word_1_163' title='bbox 392 3598 429 3652; x_wconf 80' lang='grc' dir='ltr'>θί.</span> 
     </span>
    </p>

    <p class='ocr_par' dir='ltr' id='par_1_10' title="bbox 208 3695 467 3760">
     <span class='ocr_line' id='line_1_21' title="bbox 208 3695 467 3760; baseline -0.004 -16"><span class='ocrx_word' id='word_1_164' title='bbox 208 3698 244 3760; x_wconf 77' lang='lat'>(2)</span> <span class='ocrx_word' id='word_1_165' title='bbox 264 3695 315 3745; x_wconf 81' lang='grc' dir='ltr'>Εἴθε</span> <span class='ocrx_word' id='word_1_166' title='bbox 325 3701 352 3743; x_wconf 83' lang='lat'>“.</span> <span class='ocrx_word' id='word_1_167' title='bbox 369 3699 398 3756; x_wconf 84' lang='grc' dir='ltr'>Δ,</span> <span class='ocrx_word' id='word_1_168' title='bbox 413 3695 467 3746; x_wconf 81' lang='grc' dir='ltr'>εἴτε.</span> 
     </span>
    </p>

    <p class='ocr_par' dir='ltr' id='par_1_11' title="bbox 209 3784 1131 3964">
     <span class='ocr_line' id='line_1_22' title="bbox 209 3784 1100 3872; baseline 0.019 -37"><span class='ocrx_word' id='word_1_169' title='bbox 209 3784 245 3850; x_wconf 87' lang='grc'>(3)</span> <span class='ocrx_word' id='word_1_170' title='bbox 264 3785 336 3854; x_wconf 80' lang='grc' dir='ltr'>Παρὰ</span> <span class='ocrx_word' id='word_1_171' title='bbox 351 3787 478 3868; x_wconf 21' lang='grc' dir='ltr'>τὰιᾶντρα.</span> <span class='ocrx_word' id='word_1_172' title='bbox 495 3792 614 3858; x_wconf 83' lang='grc' dir='ltr'>Γραπτίον</span> <span class='ocrx_word' id='word_1_173' title='bbox 631 3788 710 3842; x_wconf 68' lang='grc' dir='ltr'>Δοκεῖ·</span> <span class='ocrx_word' id='word_1_174' title='bbox 728 3797 870 3868; x_wconf 74' lang='grc' dir='ltr'>φθεγγομένη</span> <span class='ocrx_word' id='word_1_175' title='bbox 884 3799 953 3869; x_wconf 83' lang='grc' dir='ltr'>παρὰ</span> <span class='ocrx_word' id='word_1_176' title='bbox 967 3803 993 3852; x_wconf 80' lang='grc' dir='ltr'>τὸ</span> <span class='ocrx_word' id='word_1_177' title='bbox 1010 3803 1100 3872; x_wconf 85' lang='grc' dir='ltr'>ἄντρον.</span> 
     </span>
     <span class='ocr_line' id='line_1_23' title="bbox 210 3877 1131 3964; baseline 0.022 -40"><span class='ocrx_word' id='word_1_178' title='bbox 210 3878 245 3940; x_wconf 74' lang='grc' dir='ltr'>(Δ)</span> <span class='ocrx_word' id='word_1_179' title='bbox 264 3882 309 3927; x_wconf 87' lang='grc' dir='ltr'>Τοῦ</span> <span class='ocrx_word' id='word_1_180' title='bbox 325 3878 344 3926; x_wconf 75' lang='grc' dir='ltr'>ἰ.</span> <span class='ocrx_word' id='word_1_181' title='bbox 361 3877 442 3946; x_wconf 86' lang='grc' dir='ltr'>ὄνομα.</span> <span class='ocrx_word' id='word_1_182' title='bbox 459 3881 586 3947; x_wconf 81' lang='grc' dir='ltr'>Γραπτίον·</span> <span class='ocrx_word' id='word_1_183' title='bbox 604 3883 630 3932; x_wconf 82' lang='grc' dir='ltr'>τὸ</span> <span class='ocrx_word' id='word_1_184' title='bbox 644 3889 684 3935; x_wconf 87' lang='grc' dir='ltr'>τοῦ</span> <span class='ocrx_word' id='word_1_185' title='bbox 693 3885 779 3954; x_wconf 73' lang='grc' dir='ltr'>’ἔρωτος</span> <span class='ocrx_word' id='word_1_186' title='bbox 788 3888 869 3958; x_wconf 82' lang='grc' dir='ltr'>όνομιι.</span> <span class='ocrx_word' id='word_1_187' title='bbox 880 3892 902 3945; x_wconf 81' lang='grc' dir='ltr'>ἥ·</span> <span class='ocrx_word' id='word_1_188' title='bbox 914 3892 940 3942; x_wconf 74' lang='grc' dir='ltr'>τὸ</span> <span class='ocrx_word' id='word_1_189' title='bbox 956 3893 1040 3961; x_wconf 81' lang='grc' dir='ltr'>ίρωτος</span> <span class='ocrx_word' id='word_1_190' title='bbox 1049 3894 1131 3964; x_wconf 79' lang='grc' dir='ltr'>ὄνομα.</span> 
     </span>
    </p>
   </div>
   <div class='ocr_carea' id='block_1_9' title="bbox 986 4028 1001 4060">
    <p class='ocr_par' dir='ltr' id='par_1_12' title="bbox 986 4028 1001 4060">
     <span class='ocr_line' id='line_1_24' title="bbox 986 4028 1001 4060; baseline 0 0"><span class='ocrx_word' id='word_1_191' title='bbox 986 4028 1001 4060; x_wconf 77' lang='lat'><strong>2</strong></span> 
     </span>
    </p>
   </div>
   <div class='ocr_carea' id='block_1_10' title="bbox 0 0 1388 4874">
    <p class='ocr_par' dir='ltr' id='par_1_13' title="bbox 0 0 1388 4874">
     <span class='ocr_line' id='line_1_25' title="bbox 0 0 1388 4874; baseline 0 2"><span class='ocrx_word' id='word_1_192' title='bbox 0 0 1388 4874; x_wconf 95' lang='lat' dir='ltr'> </span> 
     </span>
    </p>
   </div>
  </div>
 </body>
</html>
