2768 4874
235 600 284 645 xu
438 536 441 543 ·
562 578 600 642 L.
623 599 668 644 nn
690 576 857 645 SlNNER

283 717 459 783 Caeterum
477 711 627 786 lectionis
647 716 839 783 varietatem
863 715 1054 808 Corayanae
1078 715 1188 810 splen-

235 833 423 902 didissimae
443 835 661 918 recensionis,
684 832 888 902 Boissonadii
904 834 1135 902 annotationes
1153 838 1186 902 in

235 955 388 1046 Longum
401 975 444 1020 ex
455 953 632 1021 variiseius
641 953 885 1022 commentariis
899 966 1070 1046 excerptas
1079 957 1189 1047 ,Wyt-

235 1070 403 1138 tenbachii
426 1071 623 1162 posteriores
645 1070 891 1140 emendationes
910 1071 944 1139 in
962 1095 1103 1139 censura
1122 1071 1190 1139 edi·

233 1187 602 1258 tionisVilloisonianae
620 1192 654 1257 in
669 1188 753 1259 Bibl.
768 1191 851 1276 crit,
863 1203 949 1284 part.
961 1191 1022 1277 IV,
1037 1215 1071 1282 p.
1083 1188 1188 1285 7¹'8²

232 1320 415 1393 exstantes,
437 1304 585 1400 aliasque
602 1306 745 1388 aliorum
763 1309 820 1401 qui
840 1307 883 1374 ad
911 1332 1048 1375 manum
1075 1323 1189 1391 erant,

231 1438 265 1493 ct
293 1424 335 1494 ad
357 1424 583 1517 fragmentum
611 1424 687 1493 libri
714 1425 813 1518 primi
841 1437 937 1492 notas
964 1423 1150 1493 Chardonis
1172 1449 1193 1491 a

230 1542 421 1628 Rochetta,
451 1542 584 1626 Bcckii,
611 1540 893 1634 Eichstaedtiique
924 1539 1047 1609 addidi.
1081 1541 1191 1609 Invito

233 1683 370 1752 prorsus
391 1659 574 1752 Kreyssigii
587 1658 733 1727 editione
749 1658 830 1725 mihi
852 1656 917 1725 fuit
933 1657 1125 1726 carendum.

277 1777 364 1846 Dedi
384 1798 528 1870 quoque,
547 1776 638 1870 quod
658 1775 923 1844 additamentum
941 1774 1076 1868 plurimi
1095 1774 1191 1861 facio,

232 1909 420 1988 excerptae
434 1895 521 1963 notis
543 1891 670 1988 gallicis
692 1896 790 1963 R.-P.
810 1893 987 1981 Brunckii,
1012 1918 1094 1985 quas
1115 1918 1193 1962 con-

230 2014 316 2081 tinet
341 2013 445 2082 codex
467 2015 532 2080 Ms.
556 2012 771 2097 chartaceus,
793 2014 860 2104 qui⁴
882 2012 1075 2081 inscribitur
1097 2038 1104 2079 :
1128 2016 1191 2081 Re·

230 2156 384 2226 marques
405 2157 463 2200 sur
485 2131 517 2199 la
542 2131 698 2200 nouvelle
718 2129 844 2199 edition
863 2131 905 2200 de
920 2135 1067 2225 Longus,
1091 2155 1188 2224 pagg.

232 2248 279 2319 26
298 2250 401 2336 in-40,
420 2272 512 2319 num.
532 2252 642 2318 XLIV
665 2251 752 2317 inter
771 2249 998 2319 Brunckianos
1020 2250 1055 2317 in
1074 2247 1193 2316 Biblio

229 2367 326 2435 theca
358 2367 449 2459 regia
478 2366 670 2457 designatus
702 2382 935 2458 servatusque,
970 2368 1064 2433 cuius
1094 2391 1191 2433 usum

229 2497 476 2553 conservatores
504 2480 588 2551 Abel
602 2484 785 2550 -Rdmusat'
807 2497 840 2549 et
865 2485 903 2551 C.
929 2485 966 2548 B.
993 2485 1095 2568 Hase,
1127 2484 1189 2550 viri

229 2601 362 2687 summi,
379 2588 614 2694 benignissime
633 2600 714 2667 mihi
734 2615 979 2668 concesserunt.
997 2601 1190 2668 Courierius

230 2718 367 2812 quidem
393 2720 470 2804 iam,
498 2720 532 2785 in
551 2719 641 2786 notis
666 2717 708 2786 ad
737 2720 922 2786 versionem
950 2743 1043 2786 suam
1071 2742 1190 2786 verna-

230 2834 353 2925 culam,
372 2853 526 2931 cxcerpta
550 2863 590 2905 ex
609 2838 661 2905 his
685 2837 902 2906 Brunckianis
921 2836 1046 2930 gallicis
1065 2837 1099 2904 in
1116 2835 1188 2906 Vil-

231 2940 449 3026 loisonianitm
471 2957 650 3027 editionem
663 2957 934 3025 annotationibus
955 2956 1116 3039 dederat,
1132 2955 1188 3022 sed

231 3099 269 3143 ca
295 3076 406 3145 miuus
424 3074 588 3169 completa
608 3100 708 3168 quam
719 3108 722 3115 ·
733 3101 794 3170 par
811 3074 935 3168 fuerat,
951 3073 1114 3143 Laudavit
1133 3098 1187 3141 eas

229 3199 327 3280 Bast,
354 3197 467 3262 Lettre
494 3194 657 3287 critique,
683 3195 795 3280 Paris,
830 3190 939 3279 1805,
974 3217 1049 3286 pag.
1081 3191 1127 3275 48
1158 3206 1191 3259 et

235 3318 322 3397 1'12,
350 3313 448 3383 etad
473 3316 615 3408 Gregor.
638 3311 784 3399 Schaef„
810 3339 844 3406 p.
871 3315 962 3399 421,
988 3326 1081 3393 not,
1100 3311 1191 3378 Bois·

230 3431 467 3524 sonadiusque,
490 3431 668 3526 Biograph.
692 3431 853 3516 univers,
881 3445 904 3497 t.
927 3432 992 3515 Vl,
1010 3452 1085 3522 pag.
1112 3451 1187 3522 ¹⁰7·

230 3556 381 3645 Iutcgvas
401 3549 544 3637 addere,
570 3576 646 3619 cum
671 3549 901 3618 acerbissimae
927 3548 1050 3616 sintin
1072 3543 1190 3614 Villoi-

231 3695 367 3756 sonum,
380 3694 449 3738 non
466 3667 599 3763 placuit.
617 3671 704 3739 Nam
719 3668 760 3737 de
772 3666 958 3736 Villoisono
975 3668 1040 3732 iam
1059 3663 1187 3732 dudum

231 3764 323 3879 quod
350 3813 411 3880 par
438 3801 540 3855 estet
566 3812 708 3878 aequum
735 3764 882 3854 sentiunt
907 3785 970 3851 viri
997 3782 1093 3850 docti.
1124 3781 1187 3852 Adi
