2768 4874
280 627 362 673 xxvi
614 604 651 670 L.
672 625 718 670 oe
736 603 904 673 SINNER

283 744 366 814 1801
383 795 393 828 ,
409 755 443 810 et
457 743 594 826 Struvc,
610 740 882 836 Abhaudlungcn
896 740 967 810 und
980 741 1106 811 Reden.
1119 745 1239 836 Regio·

279 861 403 946 monti,
433 858 544 944 1822,
566 859 625 927 ubi
647 860 689 928 de
717 860 858 930 Eroticis
886 859 1011 953 graecis
1041 858 1238 953 disputatur.

278 979 386 1046 Doleo
396 1001 531 1072 quoque
547 978 762 1048 veliementer
774 979 817 1046 G.
832 976 1051 1050 Gaulminum
1063 1002 1148 1072 quae
1169 1003 1242 1072 pro

278 1097 368 1165 misit
389 1096 424 1164 in
445 1084 655 1164 Praefatioue
670 1095 950 1180 annuntiantum,
972 1092 1241 1190 «Prolegomcna

279 1239 339 1285 sua
354 1212 467 1307 paullo
486 1214 641 1286 uberiora
658 1212 700 1282 de
718 1214 874 1283 omnibus
892 1216 1098 1283 Graecorum
1114 1229 1241 1283 amato-

280 1333 337 1400 riis
365 1333 521 1426 scriptis»
545 1357 740 1426 nunquam,
766 1346 805 1401 ut
829 1332 978 1420 videtur,
1003 1331 1129 1426 publici
1160 1335 1240 1402 iuris

281 1449 407 1520 fecisse.

328 1572 420 1638 Haec
440 1583 519 1638 suut
540 1593 643 1661 quac,
668 1568 711 1636 ad
736 1568 889 1643 notitiam
913 1568 1022 1662 Longi
1047 1566 1241 1637 litterariam

280 1687 452 1772 facientia,
469 1687 610 1756 dicenda
625 1688 680 1756 hic
696 1688 822 1781 putavi.
943 1774 947 1779 ι

692 1883 839 1907 ....„.....

283 2020 343 2169 p
345 2128 559 2179 narrantem
571 2103 627 2172 hic
636 2102 712 2171 finis
722 2117 834 2198 posset
841 2105 979 2199 imponi.
989 2106 1105 2175 Latius
1118 2120 1241 2191 tamen,

281 2225 389 2318 spatio
413 2222 510 2310 dato,
539 2221 671 2315 evagari
696 2218 788 2290 libet.
813 2216 977 2292 Notitiam
1001 2247 1122 2317 nempe
1151 2224 1243 2290 exhi·

281 2341 419 2409 beamus
429 2344 455 2407 F
456 2339 632 2410 abulariun
641 2342 902 2408 Romanensium
916 2365 1030 2409 earum
1040 2342 1246 2411 Graecorum

281 2473 357 2529 tum,
376 2457 624 2543 recentiorum,
650 2471 722 2525 tum
745 2459 1065 2544 nocentissimorum,
1086 2483 1172 2551 quae
1194 2456 1245 2529 vel
1262 2484 1267 2493 ·

282 2600 397 2647 recens
419 2575 523 2661 bene,
546 2571 599 2642 vel
626 2571 708 2642 olim
733 2572 821 2642 male
850 2574 981 2657 editae,
1008 2572 1061 2642 vel
1096 2575 1246 2644 nondum

281 2691 408 2791 publici
422 2694 506 2763 iuris
520 2692 626 2762 factae
642 2707 730 2761 sunt.
747 2694 867 2771 Libros
879 2691 1056 2799 populares
1071 2693 1248 2789 (Volksbiu

281 2809 376 2904 cher)
393 2811 530 2882 omnino
543 2835 676 2897 omncs,
691 2809 819 2911 hosque
832 2813 1047 2905 praesertim,
1062 2813 1247 2882 attentione

281 2930 431 3005 virorum
462 2929 638 3005 doctorum
672 2928 790 3025 dignos
819 2943 997 3023 putamus,
1024 2956 1129 3025 quum
1155 2929 1247 3000 velut
1339 3017 1342 3021 y

283 3045 418 3142 specula
428 3047 524 3115 nobis
536 3046 603 3114 sint
616 3044 767 3115 culturae
780 3047 885 3119 animi
896 3045 1098 3141 populorum
1111 3047 1246 3117 illorum

282 3167 341 3258 qui
369 3190 425 3233 cos
452 3163 604 3246 lectitant
627 3179 661 3232 et
681 3181 893 3235 venerantur.
919 3160 1114 3237 Mirandum
1135 3169 1247 3261 itaque

283 3281 447 3377 Dunlopii
457 3282 686 3353 doctissimum
703 3309 799 3378 opus,
813 3285 904 3378 quod
918 3285 1100 3354 doctiorem
1114 3286 1182 3355 fere
1196 3286 1247 3355 in·

283 3402 376 3470 venit
393 3402 558 3491 criticum,
566 3407 592 3471 F
593 3430 620 3473 r.
633 3405 742 3473 WrV.
758 3403 994 3493 Schmidtiunn
1005 3406 1144 3475 Wiener
1154 3404 1249 3474 Jahr-

158 3604 164 3622 ι
282 3519 411 3587 bucher
429 3518 489 3587 der
505 3510 707 3609 litteratur,
732 3520 841 3610 1824,
859 3536 883 3590 t.
906 3525 1022 3593 XXVI
1041 3537 1074 3591 et
1088 3547 1158 3627 sqq.
1179 3520 1248 3618 (r),
1304 3565 1307 3570 -

283 3637 435 3720 nondum
451 3664 513 3708 nec
531 3637 650 3734 gallice
665 3634 726 3710 n'ec
747 3642 936 3736 germanice
953 3666 1023 3712 esse
1039 3665 1181 3711 versum.

319 3806 358 3916 (i)
376 3848 460 3902 Libro
470 3847 522 3901 hoc
534 3849 681 3918 aegerrime
691 3866 765 3903 nunc
775 3851 860 3905 carui.
