<?xml version="1.0" encoding="UTF-8"?>
<!DOCTYPE html PUBLIC "-//W3C//DTD XHTML 1.0 Transitional//EN"
    "http://www.w3.org/TR/xhtml1/DTD/xhtml1-transitional.dtd">
<html xmlns="http://www.w3.org/1999/xhtml" xml:lang="en" lang="en">
 <head>
  <title>
</title>
<meta http-equiv="Content-Type" content="text/html;charset=utf-8" />
  <meta name='ocr-system' content='tesseract 3.04.00' />
  <meta name='ocr-capabilities' content='ocr_page ocr_carea ocr_par ocr_line ocrx_word'/>
</head>
<body>
  <div class='ocr_page' id='page_1' title='image "./longipastoralia00sinngoog_0151.png"; bbox 0 0 2768 4874; ppageno 0'>
   <div class='ocr_carea' id='block_1_1' title="bbox 259 615 999 700">
    <p class='ocr_par' dir='ltr' id='par_1_1' title="bbox 259 615 999 700">
     <span class='ocr_line' id='line_1_1' title="bbox 259 615 999 700; baseline 0.012 -26"><span class='ocrx_word' id='word_1_1' title='bbox 259 631 302 700; x_wconf 71' lang='grc' dir='ltr'><strong>γα</strong></span> <span class='ocrx_word' id='word_1_2' title='bbox 462 615 648 679; x_wconf 83' lang='grc' dir='ltr'>ΛΟΓΓΟΥ</span> <span class='ocrx_word' id='word_1_3' title='bbox 680 615 999 682; x_wconf 84' lang='grc' dir='ltr'><strong>ΠΟΙΜΕΝΙΚΩΝ</strong></span> 
     </span>
    </p>
   </div>
   <div class='ocr_carea' id='block_1_2' title="bbox 216 770 1306 3126">
    <p class='ocr_par' dir='ltr' id='par_1_2' title="bbox 216 770 1306 3126">
     <span class='ocr_line' id='line_1_2' title="bbox 257 770 1223 876; baseline 0.007 -32"><span class='ocrx_word' id='word_1_4' title='bbox 257 779 419 871; x_wconf 76' lang='grc' dir='ltr'><strong>ἐφίσταται</strong></span> <span class='ocrx_word' id='word_1_5' title='bbox 436 783 571 860; x_wconf 77' lang='grc' dir='ltr'><strong>Φιλητᾶς</strong></span> <span class='ocrx_word' id='word_1_6' title='bbox 592 787 608 848; x_wconf 85' lang='grc' dir='ltr'><strong>ό</strong></span> <span class='ocrx_word' id='word_1_7' title='bbox 634 783 778 867; x_wconf 80' lang='grc' dir='ltr'><strong>βουκόλος</strong></span> <span class='ocrx_word' id='word_1_8' title='bbox 804 770 847 875; x_wconf 83' lang='lat'><strong>(¹)</strong></span> <span class='ocrx_word' id='word_1_9' title='bbox 870 781 954 849; x_wconf 80' lang='grc' dir='ltr'><strong>κατὰ</strong></span> <span class='ocrx_word' id='word_1_10' title='bbox 977 785 1089 875; x_wconf 82' lang='grc' dir='ltr'><strong>τόχην,</strong></span> <span class='ocrx_word' id='word_1_11' title='bbox 1118 809 1223 876; x_wconf 81' lang='grc' dir='ltr'><strong>στερα-</strong></span> 
     </span>
     <span class='ocr_line' id='line_1_3' title="bbox 256 923 1222 1027; baseline 0.009 -35"><span class='ocrx_word' id='word_1_12' title='bbox 256 925 374 1005; x_wconf 87' lang='grc' dir='ltr'><strong>νίσκους</strong></span> <span class='ocrx_word' id='word_1_13' title='bbox 394 927 479 1006; x_wconf 82' lang='grc' dir='ltr'><strong>τινὰς</strong></span> <span class='ocrx_word' id='word_1_14' title='bbox 500 939 546 1016; x_wconf 81' lang='grc' dir='ltr'><strong>τῷ</strong></span> <span class='ocrx_word' id='word_1_15' title='bbox 561 929 643 999; x_wconf 89' lang='grc' dir='ltr'><strong>Πανὶ</strong></span> <span class='ocrx_word' id='word_1_16' title='bbox 665 923 808 1023; x_wconf 78' lang='grc' dir='ltr'><strong>κομίζων,</strong></span> <span class='ocrx_word' id='word_1_17' title='bbox 834 930 885 998; x_wconf 84' lang='grc' dir='ltr'><strong>καὶ</strong></span> <span class='ocrx_word' id='word_1_18' title='bbox 905 932 1016 1025; x_wconf 81' lang='grc' dir='ltr'>βότρυς</span> <span class='ocrx_word' id='word_1_19' title='bbox 1028 934 1083 1017; x_wconf 32' lang='grc' dir='ltr'><strong>,ἔτι</strong></span> <span class='ocrx_word' id='word_1_20' title='bbox 1101 938 1131 1002; x_wconf 79' lang='grc' dir='ltr'><strong>ἐν</strong></span> <span class='ocrx_word' id='word_1_21' title='bbox 1149 937 1222 1027; x_wconf 81' lang='grc' dir='ltr'><strong>φίλ-</strong></span> 
     </span>
     <span class='ocr_line' id='line_1_4' title="bbox 253 1065 1221 1172; baseline 0.007 -28"><span class='ocrx_word' id='word_1_22' title='bbox 253 1085 319 1156; x_wconf 88' lang='grc' dir='ltr'><strong>λοις</strong></span> <span class='ocrx_word' id='word_1_23' title='bbox 345 1080 397 1147; x_wconf 89' lang='grc' dir='ltr'><strong>καὶ</strong></span> <span class='ocrx_word' id='word_1_24' title='bbox 423 1065 567 1172; x_wconf 70' lang='grc' dir='ltr'><strong>κλήμασι.</strong></span> <span class='ocrx_word' id='word_1_25' title='bbox 596 1081 659 1147; x_wconf 84' lang='grc' dir='ltr'><strong>Καὶ</strong></span> <span class='ocrx_word' id='word_1_26' title='bbox 691 1082 775 1168; x_wconf 80' lang='grc' dir='ltr'><strong>αὐτῷ</strong></span> <span class='ocrx_word' id='word_1_27' title='bbox 804 1087 863 1146; x_wconf 85' lang='grc' dir='ltr'><strong>τῶν</strong></span> <span class='ocrx_word' id='word_1_28' title='bbox 888 1074 1008 1148; x_wconf 78' lang='grc' dir='ltr'>παίδων</span> <span class='ocrx_word' id='word_1_29' title='bbox 1031 1089 1047 1149; x_wconf 89' lang='grc' dir='ltr'><strong>ό</strong></span> <span class='ocrx_word' id='word_1_30' title='bbox 1074 1086 1221 1163; x_wconf 85' lang='grc' dir='ltr'><strong>νεώτατος</strong></span> 
     </span>
     <span class='ocr_line' id='line_1_5' title="bbox 256 1224 1220 1337; baseline -0.001 -38"><span class='ocrx_word' id='word_1_31' title='bbox 256 1235 354 1302; x_wconf 82' lang='grc' dir='ltr'><strong>εἵπετο</strong></span> <span class='ocrx_word' id='word_1_32' title='bbox 383 1232 533 1326; x_wconf 87' lang='grc' dir='ltr'><strong>Τίτυρυς,</strong></span> <span class='ocrx_word' id='word_1_33' title='bbox 560 1233 672 1325; x_wconf 74' lang='grc' dir='ltr'><strong>πυρρὸν</strong></span> <span class='ocrx_word' id='word_1_34' title='bbox 703 1224 824 1299; x_wconf 95' lang='grc' dir='ltr'><strong>παιδίον</strong></span> <span class='ocrx_word' id='word_1_35' title='bbox 854 1230 906 1300; x_wconf 82' lang='grc' dir='ltr'><strong>καὶ</strong></span> <span class='ocrx_word' id='word_1_36' title='bbox 929 1234 1083 1337; x_wconf 86' lang='grc' dir='ltr'><strong>γλαυκὸν,</strong></span> <span class='ocrx_word' id='word_1_37' title='bbox 1113 1234 1220 1301; x_wconf 84' lang='grc' dir='ltr'><strong>λευκὸν</strong></span> 
     </span>
     <span class='ocr_line' id='line_1_6' title="bbox 216 1367 1221 1475; baseline 0.001 -27"><span class='ocrx_word' id='word_1_38' title='bbox 216 1408 242 1448; x_wconf 80' lang='grc' dir='ltr'><strong>ω</strong></span> <span class='ocrx_word' id='word_1_39' title='bbox 255 1373 378 1451; x_wconf 76' lang='grc' dir='ltr'><strong>παιδίον</strong></span> <span class='ocrx_word' id='word_1_40' title='bbox 399 1367 441 1475; x_wconf 75' lang='lat'><strong>(²)</strong></span> <span class='ocrx_word' id='word_1_41' title='bbox 464 1382 515 1448; x_wconf 88' lang='grc' dir='ltr'><strong>καὶ</strong></span> <span class='ocrx_word' id='word_1_42' title='bbox 532 1382 701 1475; x_wconf 78' lang='grc' dir='ltr'><strong>ἀγέρωχον·</strong></span> <span class='ocrx_word' id='word_1_43' title='bbox 729 1382 780 1449; x_wconf 87' lang='grc' dir='ltr'><strong>καὶ</strong></span> <span class='ocrx_word' id='word_1_44' title='bbox 804 1386 915 1455; x_wconf 82' lang='grc' dir='ltr'><strong>ἥλλετο</strong></span> <span class='ocrx_word' id='word_1_45' title='bbox 941 1391 1058 1473; x_wconf 82' lang='grc' dir='ltr'><strong>κοῦρα,</strong></span> <span class='ocrx_word' id='word_1_46' title='bbox 1088 1374 1221 1468; x_wconf 80' lang='grc' dir='ltr'><strong>βαδίζων</strong></span> 
     </span>
     <span class='ocr_line' id='line_1_7' title="bbox 254 1521 1221 1626; baseline 0 -27"><span class='ocrx_word' id='word_1_47' title='bbox 254 1539 354 1626; x_wconf 84' lang='grc' dir='ltr'><strong>ὥσπερ</strong></span> <span class='ocrx_word' id='word_1_48' title='bbox 383 1525 492 1625; x_wconf 79' lang='grc' dir='ltr'><strong>ἕριρος.</strong></span> <span class='ocrx_word' id='word_1_49' title='bbox 520 1521 782 1611; x_wconf 80' lang='grc' dir='ltr'><strong>Ᾰναπηδησαντες</strong></span> <span class='ocrx_word' id='word_1_50' title='bbox 808 1529 876 1618; x_wconf 83' lang='grc' dir='ltr'><strong>οὖν,</strong></span> <span class='ocrx_word' id='word_1_51' title='bbox 905 1532 1139 1625; x_wconf 80' lang='grc' dir='ltr'><strong>συνιστεράνουν</strong></span> <span class='ocrx_word' id='word_1_52' title='bbox 1168 1534 1221 1601; x_wconf 82' lang='grc' dir='ltr'><strong>τὸν</strong></span> 
     </span>
     <span class='ocr_line' id='line_1_8' title="bbox 254 1677 1222 1777; baseline 0.001 -29"><span class='ocrx_word' id='word_1_53' title='bbox 254 1685 360 1764; x_wconf 89' lang='grc' dir='ltr'><strong>Πάνα,</strong></span> <span class='ocrx_word' id='word_1_54' title='bbox 383 1680 493 1748; x_wconf 81' lang='grc' dir='ltr'><strong>καὶτὰ</strong></span> <span class='ocrx_word' id='word_1_55' title='bbox 515 1685 658 1773; x_wconf 72' lang='grc' dir='ltr'><strong>κλήματα</strong></span> <span class='ocrx_word' id='word_1_56' title='bbox 677 1690 732 1759; x_wconf 72' lang='grc' dir='ltr'><strong>τῆς</strong></span> <span class='ocrx_word' id='word_1_57' title='bbox 754 1682 850 1774; x_wconf 89' lang='grc' dir='ltr'><strong>κόμης</strong></span> <span class='ocrx_word' id='word_1_58' title='bbox 873 1692 927 1762; x_wconf 73' lang='grc' dir='ltr'><strong>’τῆς</strong></span> <span class='ocrx_word' id='word_1_59' title='bbox 944 1683 1052 1761; x_wconf 89' lang='grc' dir='ltr'><strong>πίτυος</strong></span> <span class='ocrx_word' id='word_1_60' title='bbox 1072 1677 1222 1777; x_wconf 74' lang='grc' dir='ltr'><strong>ἐξηρτων·</strong></span> 
     </span>
     <span class='ocr_line' id='line_1_9' title="bbox 254 1829 1221 1924; baseline 0.005 -27"><span class='ocrx_word' id='word_1_61' title='bbox 254 1830 306 1897; x_wconf 90' lang='grc' dir='ltr'><strong>καὶ</strong></span> <span class='ocrx_word' id='word_1_62' title='bbox 323 1829 561 1909; x_wconf 81' lang='grc' dir='ltr'><strong>κατακλίναντες</strong></span> <span class='ocrx_word' id='word_1_63' title='bbox 585 1830 713 1904; x_wconf 82' lang='grc' dir='ltr'><strong>πλησίον</strong></span> <span class='ocrx_word' id='word_1_64' title='bbox 732 1837 850 1917; x_wconf 81' lang='grc' dir='ltr'><strong>αὐτῶν,</strong></span> <span class='ocrx_word' id='word_1_65' title='bbox 872 1833 1033 1924; x_wconf 83' lang='grc' dir='ltr'><strong>συμπότην</strong></span> <span class='ocrx_word' id='word_1_66' title='bbox 1051 1837 1221 1902; x_wconf 79' lang='grc' dir='ltr'><strong>ἐποιοῦντο.</strong></span> 
     </span>
     <span class='ocr_line' id='line_1_10' title="bbox 256 1961 1259 2076; baseline 0.005 -30"><span class='ocrx_word' id='word_1_67' title='bbox 256 1981 335 2066; x_wconf 82' lang='grc' dir='ltr'><strong>Καὶ,</strong></span> <span class='ocrx_word' id='word_1_68' title='bbox 352 1978 402 2047; x_wconf 79' lang='grc' dir='ltr'><strong>οἷα</strong></span> <span class='ocrx_word' id='word_1_69' title='bbox 413 1966 456 2072; x_wconf 84' lang='lat'><strong>(³)</strong></span> <span class='ocrx_word' id='word_1_70' title='bbox 477 1971 515 2055; x_wconf 75' lang='grc' dir='ltr'><strong>δὴ</strong></span> <span class='ocrx_word' id='word_1_71' title='bbox 530 1982 668 2074; x_wconf 82' lang='grc' dir='ltr'><strong>γέροντες</strong></span> <span class='ocrx_word' id='word_1_72' title='bbox 686 1977 959 2076; x_wconf 74' lang='grc' dir='ltr'><strong>ὑποόεόρεγμίνοι,</strong></span> <span class='ocrx_word' id='word_1_73' title='bbox 978 1983 1053 2075; x_wconf 87' lang='grc' dir='ltr'><strong>πρὸς</strong></span> <span class='ocrx_word' id='word_1_74' title='bbox 1073 1982 1224 2062; x_wconf 57' lang='grc' dir='ltr'><strong>ἀλλήλους</strong></span> <span class='ocrx_word' id='word_1_75' title='bbox 1255 1961 1259 1967; x_wconf 92' lang='lat'>.</span> 
     </span>
     <span class='ocr_line' id='line_1_11' title="bbox 254 2127 1224 2223; baseline 0.003 -26"><span class='ocrx_word' id='word_1_76' title='bbox 254 2127 357 2198; x_wconf 78' lang='grc' dir='ltr'><strong>πολλὰ</strong></span> <span class='ocrx_word' id='word_1_77' title='bbox 375 2131 501 2223; x_wconf 73' lang='grc' dir='ltr'><strong>ἔλεγον·</strong></span> <span class='ocrx_word' id='word_1_78' title='bbox 521 2136 560 2207; x_wconf 88' lang='grc' dir='ltr'><strong>ὡς</strong></span> <span class='ocrx_word' id='word_1_79' title='bbox 587 2131 708 2221; x_wconf 81' lang='grc' dir='ltr'><strong>ἔνεμον,</strong></span> <span class='ocrx_word' id='word_1_80' title='bbox 733 2129 822 2204; x_wconf 78' lang='grc' dir='ltr'><strong>ἡνίκα</strong></span> <span class='ocrx_word' id='word_1_81' title='bbox 843 2129 919 2204; x_wconf 78' lang='grc' dir='ltr'><strong>ἦσαν</strong></span> <span class='ocrx_word' id='word_1_82' title='bbox 943 2135 1025 2216; x_wconf 80' lang='grc' dir='ltr'><strong>νέοι,</strong></span> <span class='ocrx_word' id='word_1_83' title='bbox 1049 2139 1089 2210; x_wconf 89' lang='grc' dir='ltr'><strong>ὡς</strong></span> <span class='ocrx_word' id='word_1_84' title='bbox 1106 2130 1224 2211; x_wconf 84' lang='grc' dir='ltr'><strong>πολλάς</strong></span> 
     </span>
     <span class='ocr_line' id='line_1_12' title="bbox 247 2267 1224 2393; baseline 0.003 -47"><span class='ocrx_word' id='word_1_85' title='bbox 247 2287 375 2393; x_wconf 57' lang='grc' dir='ltr'><strong>λῃστῶν</strong></span> <span class='ocrx_word' id='word_1_86' title='bbox 395 2271 592 2372; x_wconf 79' lang='grc' dir='ltr'><strong>καταδρομὰς</strong></span> <span class='ocrx_word' id='word_1_87' title='bbox 609 2272 762 2375; x_wconf 78' lang='grc' dir='ltr'><strong>διέφυγον.</strong></span> <span class='ocrx_word' id='word_1_88' title='bbox 782 2267 973 2373; x_wconf 74' lang='grc' dir='ltr'><strong>Εσεμνόνιτό</strong></span> <span class='ocrx_word' id='word_1_89' title='bbox 988 2308 1055 2366; x_wconf 91' lang='grc' dir='ltr'><strong>τις,</strong></span> <span class='ocrx_word' id='word_1_90' title='bbox 1075 2289 1114 2361; x_wconf 83' lang='grc' dir='ltr'><strong>ὡς</strong></span> <span class='ocrx_word' id='word_1_91' title='bbox 1131 2285 1224 2383; x_wconf 84' lang='grc' dir='ltr'><strong>λόκον</strong></span> 
     </span>
     <span class='ocr_line' id='line_1_13' title="bbox 253 2424 1225 2527; baseline 0.009 -35"><span class='ocrx_word' id='word_1_92' title='bbox 253 2429 459 2508; x_wconf 76' lang='grc' dir='ltr'><strong>ἀποκτείνας·</strong></span> <span class='ocrx_word' id='word_1_93' title='bbox 486 2426 594 2514; x_wconf 86' lang='grc' dir='ltr'><strong>ἀλλος,</strong></span> <span class='ocrx_word' id='word_1_94' title='bbox 622 2437 661 2508; x_wconf 88' lang='grc' dir='ltr'><strong>ὡς</strong></span> <span class='ocrx_word' id='word_1_95' title='bbox 685 2431 776 2522; x_wconf 89' lang='grc' dir='ltr'><strong>μόνου</strong></span> <span class='ocrx_word' id='word_1_96' title='bbox 804 2443 859 2498; x_wconf 83' lang='grc' dir='ltr'><strong>τοῦ</strong></span> <span class='ocrx_word' id='word_1_97' title='bbox 887 2433 989 2511; x_wconf 84' lang='grc' dir='ltr'><strong>Πανὸς</strong></span> <span class='ocrx_word' id='word_1_98' title='bbox 1014 2424 1144 2527; x_wconf 78' lang='grc' dir='ltr'><strong>δεύτερα</strong></span> <span class='ocrx_word' id='word_1_99' title='bbox 1174 2461 1225 2500; x_wconf 90' lang='grc' dir='ltr'><strong>συ-</strong></span> 
     </span>
     <span class='ocr_line' id='line_1_14' title="bbox 258 2578 1110 2676; baseline 0.006 -32"><span class='ocrx_word' id='word_1_100' title='bbox 258 2578 367 2672; x_wconf 41' lang='grc' dir='ltr'><strong>ρίσαςέ,</strong></span> <span class='ocrx_word' id='word_1_101' title='bbox 379 2589 474 2645; x_wconf 77' lang='grc' dir='ltr'><strong>τοῦτο</strong></span> <span class='ocrx_word' id='word_1_102' title='bbox 493 2589 549 2645; x_wconf 79' lang='grc' dir='ltr'><strong>τοῦ</strong></span> <span class='ocrx_word' id='word_1_103' title='bbox 566 2582 688 2669; x_wconf 80' lang='grc' dir='ltr'><strong>Φιλητά</strong></span> <span class='ocrx_word' id='word_1_104' title='bbox 709 2581 747 2646; x_wconf 82' lang='grc' dir='ltr'><strong>τὸ</strong></span> <span class='ocrx_word' id='word_1_105' title='bbox 766 2581 981 2676; x_wconf 87' lang='grc' dir='ltr'><strong>σεμνολόγημα</strong></span> <span class='ocrx_word' id='word_1_106' title='bbox 997 2578 1045 2655; x_wconf 74' lang='grc' dir='ltr'><strong>ἦν.</strong></span> <span class='ocrx_word' id='word_1_107' title='bbox 1096 2628 1110 2635; x_wconf 31' lang='grc' dir='ltr'><strong>-ι</strong></span> 
     </span>
     <span class='ocr_line' id='line_1_15' title="bbox 271 2715 1224 2834; baseline 0.004 -37"><span class='ocrx_word' id='word_1_108' title='bbox 271 2789 286 2797; x_wconf 87' lang='grc'><strong>..</strong></span> <span class='ocrx_word' id='word_1_109' title='bbox 311 2730 363 2796; x_wconf 83' lang='lat'><strong>33.</strong></span> <span class='ocrx_word' id='word_1_110' title='bbox 392 2715 421 2794; x_wconf 81' lang='grc' dir='ltr'><strong>ί)</strong></span> <span class='ocrx_word' id='word_1_111' title='bbox 437 2719 472 2793; x_wconf 87' lang='grc' dir='ltr'><strong>δὲ</strong></span> <span class='ocrx_word' id='word_1_112' title='bbox 482 2715 520 2817; x_wconf 81' lang='lat'><strong>(⁴)</strong></span> <span class='ocrx_word' id='word_1_113' title='bbox 535 2727 645 2820; x_wconf 87' lang='grc' dir='ltr'><strong>Δάρνις</strong></span> <span class='ocrx_word' id='word_1_114' title='bbox 663 2729 714 2796; x_wconf 86' lang='grc' dir='ltr'><strong>καὶ</strong></span> <span class='ocrx_word' id='word_1_115' title='bbox 731 2737 749 2803; x_wconf 76' lang='grc' dir='ltr'>ἡ</span> <span class='ocrx_word' id='word_1_116' title='bbox 767 2731 854 2804; x_wconf 86' lang='grc' dir='ltr'><strong>Χλόη</strong></span> <span class='ocrx_word' id='word_1_117' title='bbox 880 2731 981 2811; x_wconf 88' lang='grc' dir='ltr'><strong>πάσας</strong></span> <span class='ocrx_word' id='word_1_118' title='bbox 1003 2723 1120 2810; x_wconf 73' lang='grc' dir='ltr'><strong>δεήσεις</strong></span> <span class='ocrx_word' id='word_1_119' title='bbox 1144 2760 1224 2834; x_wconf 85' lang='grc' dir='ltr'><strong>προ-</strong></span> 
     </span>
     <span class='ocr_line' id='line_1_16' title="bbox 256 2870 1222 2976; baseline 0.004 -31"><span class='ocrx_word' id='word_1_120' title='bbox 256 2880 377 2972; x_wconf 83' lang='grc' dir='ltr'><strong>σίρερον</strong></span> <span class='ocrx_word' id='word_1_121' title='bbox 399 2870 584 2971; x_wconf 78' lang='grc' dir='ltr'><strong>μεταδοῦναι</strong></span> <span class='ocrx_word' id='word_1_122' title='bbox 611 2880 663 2946; x_wconf 83' lang='grc' dir='ltr'><strong>καὶ</strong></span> <span class='ocrx_word' id='word_1_123' title='bbox 689 2883 794 2958; x_wconf 80' lang='grc' dir='ltr'><strong>αὐτοῖς</strong></span> <span class='ocrx_word' id='word_1_124' title='bbox 820 2890 875 2960; x_wconf 81' lang='grc' dir='ltr'><strong>τῆς</strong></span> <span class='ocrx_word' id='word_1_125' title='bbox 896 2883 1020 2973; x_wconf 85' lang='grc' dir='ltr'><strong>τέχνης,</strong></span> <span class='ocrx_word' id='word_1_126' title='bbox 1046 2882 1164 2976; x_wconf 78' lang='grc' dir='ltr'><strong>συρίσαι</strong></span> <span class='ocrx_word' id='word_1_127' title='bbox 1187 2909 1222 2949; x_wconf 85' lang='grc' dir='ltr'><strong>τι</strong></span> 
     </span>
     <span class='ocr_line' id='line_1_17' title="bbox 257 2993 1306 3126; baseline 0.006 -32"><span class='ocrx_word' id='word_1_128' title='bbox 257 3031 286 3096; x_wconf 78' lang='grc' dir='ltr'><strong>ἐν</strong></span> <span class='ocrx_word' id='word_1_129' title='bbox 305 2993 394 3120; x_wconf 75' lang='grc' dir='ltr'><strong>ἑορτῇ</strong></span> <span class='ocrx_word' id='word_1_130' title='bbox 413 3028 480 3095; x_wconf 79' lang='grc' dir='ltr'><strong>θεοῦ</strong></span> <span class='ocrx_word' id='word_1_131' title='bbox 497 3029 614 3122; x_wconf 79' lang='grc' dir='ltr'><strong>σύριγγι</strong></span> <span class='ocrx_word' id='word_1_132' title='bbox 631 3027 800 3121; x_wconf 83' lang='grc' dir='ltr'><strong>χαίροντος.</strong></span> <span class='ocrx_word' id='word_1_133' title='bbox 819 3015 1056 3124; x_wconf 71' lang='grc' dir='ltr'><strong>Επαγγελλεται</strong></span> <span class='ocrx_word' id='word_1_134' title='bbox 1074 3035 1220 3112; x_wconf 77' lang='grc' dir='ltr'><strong>Φιλητᾶς,</strong></span> <span class='ocrx_word' id='word_1_135' title='bbox 1303 3123 1306 3126; x_wconf 6' lang='grc' dir='ltr'><strong><em>ἡ</em></strong></span> 
     </span>
    </p>
   </div>
   <div class='ocr_carea' id='block_1_3' title="bbox 257 3175 1222 3286">
    <p class='ocr_par' dir='ltr' id='par_1_3' title="bbox 257 3175 1222 3286">
     <span class='ocr_line' id='line_1_18' title="bbox 257 3175 1222 3286; baseline 0.007 -44"><span class='ocrx_word' id='word_1_136' title='bbox 257 3175 357 3243; x_wconf 88' lang='grc' dir='ltr'><strong>καίτοι</strong></span> <span class='ocrx_word' id='word_1_137' title='bbox 378 3178 415 3244; x_wconf 85' lang='grc' dir='ltr'><strong>τὸ</strong></span> <span class='ocrx_word' id='word_1_138' title='bbox 434 3187 528 3278; x_wconf 84' lang='grc' dir='ltr'><strong>γῆρας</strong></span> <span class='ocrx_word' id='word_1_139' title='bbox 555 3184 595 3256; x_wconf 86' lang='grc' dir='ltr'><strong>ὡς</strong></span> <span class='ocrx_word' id='word_1_140' title='bbox 622 3175 734 3244; x_wconf 82' lang='grc' dir='ltr'><strong>ἀπνουν</strong></span> <span class='ocrx_word' id='word_1_141' title='bbox 754 3176 964 3286; x_wconf 79' lang='grc' dir='ltr'><strong>μεμψάμενος,</strong></span> <span class='ocrx_word' id='word_1_142' title='bbox 990 3182 1040 3248; x_wconf 90' lang='grc' dir='ltr'><strong>καὶ</strong></span> <span class='ocrx_word' id='word_1_143' title='bbox 1059 3178 1153 3248; x_wconf 79' lang='grc' dir='ltr'><strong>ἕλαόι</strong></span> <span class='ocrx_word' id='word_1_144' title='bbox 1173 3185 1222 3248; x_wconf 79' lang='grc' dir='ltr'><strong>σύ·</strong></span> 
     </span>
    </p>
   </div>
   <div class='ocr_carea' id='block_1_4' title="bbox 200 3311 1312 3424">
    <p class='ocr_par' dir='ltr' id='par_1_4' title="bbox 200 3311 1312 3424">
     <span class='ocr_line' id='line_1_19' title="bbox 200 3311 1312 3424; baseline 0.005 -33"><span class='ocrx_word' id='word_1_145' title='bbox 200 3360 202 3363; x_wconf 89' lang='grc'><strong><em>·</em></strong></span> <span class='ocrx_word' id='word_1_146' title='bbox 259 3316 351 3418; x_wconf 86' lang='grc' dir='ltr'><strong>ριγγα</strong></span> <span class='ocrx_word' id='word_1_147' title='bbox 365 3330 419 3399; x_wconf 78' lang='grc' dir='ltr'><strong>τὴν</strong></span> <span class='ocrx_word' id='word_1_148' title='bbox 438 3337 493 3393; x_wconf 85' lang='grc' dir='ltr'><strong>τοῦ</strong></span> <span class='ocrx_word' id='word_1_149' title='bbox 515 3317 674 3419; x_wconf 84' lang='grc' dir='ltr'><strong>Δάρνιδυς.</strong></span> <span class='ocrx_word' id='word_1_150' title='bbox 693 3311 725 3392; x_wconf 90' lang='lat' dir='ltr'>H</span> <span class='ocrx_word' id='word_1_151' title='bbox 746 3317 781 3392; x_wconf 86' lang='grc' dir='ltr'><strong>δὲ</strong></span> <span class='ocrx_word' id='word_1_152' title='bbox 805 3325 842 3401; x_wconf 77' lang='grc' dir='ltr'><strong>ἦν</strong></span> <span class='ocrx_word' id='word_1_153' title='bbox 870 3326 962 3422; x_wconf 77' lang='grc' dir='ltr'><strong>μικρὰ</strong></span> <span class='ocrx_word' id='word_1_154' title='bbox 988 3329 1063 3423; x_wconf 88' lang='grc' dir='ltr'><strong>πρὸς</strong></span> <span class='ocrx_word' id='word_1_155' title='bbox 1088 3328 1222 3424; x_wconf 81' lang='grc' dir='ltr'><strong>μεγαλην</strong></span> <span class='ocrx_word' id='word_1_156' title='bbox 1311 3386 1312 3390; x_wconf 65' lang='lat'>,</span> 
     </span>
    </p>
   </div>
   <div class='ocr_carea' id='block_1_5' title="bbox 295 3574 1204 3920">
    <p class='ocr_par' dir='ltr' id='par_1_5' title="bbox 308 3574 932 3645">
     <span class='ocr_line' id='line_1_20' title="bbox 308 3574 932 3645; baseline 0 -15"><span class='ocrx_word' id='word_1_157' title='bbox 308 3579 332 3645; x_wconf 89' lang='lat'><strong>1)</strong></span> <span class='ocrx_word' id='word_1_158' title='bbox 351 3586 380 3629; x_wconf 84' lang='grc' dir='ltr'><strong>Φ.</strong></span> <span class='ocrx_word' id='word_1_159' title='bbox 396 3578 529 3641; x_wconf 83' lang='grc' dir='ltr'><strong>όβσυκολος</strong></span> <span class='ocrx_word' id='word_1_160' title='bbox 538 3578 560 3627; x_wconf 88' lang='lat'><strong>*.</strong></span> <span class='ocrx_word' id='word_1_161' title='bbox 570 3581 621 3640; x_wconf 79' lang='grc' dir='ltr'><strong>Α,ό</strong></span> <span class='ocrx_word' id='word_1_162' title='bbox 635 3578 700 3641; x_wconf 85' lang='grc' dir='ltr'><strong>βουκ.</strong></span> <span class='ocrx_word' id='word_1_163' title='bbox 712 3584 740 3627; x_wconf 86' lang='grc' dir='ltr'><strong>Φ.</strong></span> <span class='ocrx_word' id='word_1_164' title='bbox 755 3583 782 3639; x_wconf 86' lang='grc' dir='ltr'><strong>Β,</strong></span> <span class='ocrx_word' id='word_1_165' title='bbox 797 3581 809 3630; x_wconf 84' lang='grc' dir='ltr'><strong>ό</strong></span> <span class='ocrx_word' id='word_1_166' title='bbox 822 3574 850 3628; x_wconf 79' lang='grc' dir='ltr'><strong>Φ.</strong></span> <span class='ocrx_word' id='word_1_167' title='bbox 867 3579 932 3642; x_wconf 86' lang='grc' dir='ltr'><strong>βοοκ.</strong></span> 
     </span>
    </p>

    <p class='ocr_par' dir='ltr' id='par_1_6' title="bbox 305 3672 1204 3827">
     <span class='ocr_line' id='line_1_21' title="bbox 306 3672 1204 3746; baseline 0.002 -24"><span class='ocrx_word' id='word_1_168' title='bbox 306 3675 330 3736; x_wconf 81' lang='lat'><strong>2)</strong></span> <span class='ocrx_word' id='word_1_169' title='bbox 350 3680 380 3722; x_wconf 86' lang='grc' dir='ltr'><strong>Λ.</strong></span> <span class='ocrx_word' id='word_1_170' title='bbox 397 3693 423 3723; x_wconf 91' lang='grc' dir='ltr'><strong>π.</strong></span> <span class='ocrx_word' id='word_1_171' title='bbox 443 3690 465 3721; x_wconf 87' lang='grc' dir='ltr'><strong>κ.</strong></span> <span class='ocrx_word' id='word_1_172' title='bbox 483 3673 615 3741; x_wconf 84' lang='grc' dir='ltr'><strong>ἀγέρωχον,</strong></span> <span class='ocrx_word' id='word_1_173' title='bbox 625 3677 652 3722; x_wconf 73' lang='grc' dir='ltr'><strong>Α.</strong></span> <span class='ocrx_word' id='word_1_174' title='bbox 663 3679 690 3734; x_wconf 89' lang='grc' dir='ltr'><strong>Β,</strong></span> <span class='ocrx_word' id='word_1_175' title='bbox 705 3693 731 3723; x_wconf 86' lang='grc' dir='ltr'><strong>π,</strong></span> <span class='ocrx_word' id='word_1_176' title='bbox 747 3693 774 3723; x_wconf 91' lang='grc' dir='ltr'><strong>π.</strong></span> <span class='ocrx_word' id='word_1_177' title='bbox 791 3693 813 3724; x_wconf 78' lang='grc' dir='ltr'><strong>κ,</strong></span> <span class='ocrx_word' id='word_1_178' title='bbox 827 3680 869 3745; x_wconf 77' lang='grc' dir='ltr'><strong>γλ.</strong></span> <span class='ocrx_word' id='word_1_179' title='bbox 881 3673 962 3727; x_wconf 77' lang='grc' dir='ltr'><strong>λευκὸν</strong></span> <span class='ocrx_word' id='word_1_180' title='bbox 979 3672 1008 3724; x_wconf 79' lang='grc' dir='ltr'><strong>δὲ</strong></span> <span class='ocrx_word' id='word_1_181' title='bbox 1018 3673 1059 3725; x_wconf 86' lang='grc' dir='ltr'><strong>καὶ</strong></span> <span class='ocrx_word' id='word_1_182' title='bbox 1069 3675 1204 3746; x_wconf 78' lang='grc' dir='ltr'><strong>ἀγέρωχον.</strong></span> 
     </span>
     <span class='ocr_line' id='line_1_22' title="bbox 305 3753 976 3827; baseline -0.001 -11"><span class='ocrx_word' id='word_1_183' title='bbox 305 3764 332 3827; x_wconf 83' lang='grc'><strong>3)</strong></span> <span class='ocrx_word' id='word_1_184' title='bbox 352 3757 409 3824; x_wconf 78' lang='grc' dir='ltr'><strong>Οἷα,</strong></span> <span class='ocrx_word' id='word_1_185' title='bbox 423 3767 452 3813; x_wconf 74' lang='grc' dir='ltr'><strong>λ,</strong></span> <span class='ocrx_word' id='word_1_186' title='bbox 467 3770 493 3825; x_wconf 90' lang='grc' dir='ltr'><strong>Β,</strong></span> <span class='ocrx_word' id='word_1_187' title='bbox 510 3754 565 3815; x_wconf 85' lang='grc' dir='ltr'><strong>οἷον.</strong></span> <span class='ocrx_word' id='word_1_188' title='bbox 972 3753 976 3762; x_wconf 28' lang='lat' dir='ltr'><em>l</em></span> 
     </span>
    </p>

    <p class='ocr_par' dir='ltr' id='par_1_7' title="bbox 295 3833 658 3920">
     <span class='ocr_line' id='line_1_23' title="bbox 295 3833 658 3920; baseline -0.003 -13"><span class='ocrx_word' id='word_1_189' title='bbox 295 3860 331 3920; x_wconf 77' lang='grc' dir='ltr'><strong>(η)</strong></span> <span class='ocrx_word' id='word_1_190' title='bbox 352 3847 428 3907; x_wconf 72' lang='grc' dir='ltr'><strong>ὸοέ.</strong></span> <span class='ocrx_word' id='word_1_191' title='bbox 445 3858 513 3917; x_wconf 59' lang='lat' dir='ltr'><strong>Am</strong></span> <span class='ocrx_word' id='word_1_192' title='bbox 528 3849 575 3906; x_wconf 69' lang='grc' dir='ltr'><strong>σοι.</strong></span> <span class='ocrx_word' id='word_1_193' title='bbox 654 3833 658 3843; x_wconf 77' lang='grc'><strong>’</strong></span> 
     </span>
    </p>
   </div>
   <div class='ocr_carea' id='block_1_6' title="bbox 0 0 1390 4874">
    <p class='ocr_par' dir='ltr' id='par_1_8' title="bbox 0 0 1390 4874">
     <span class='ocr_line' id='line_1_24' title="bbox 0 0 1390 4874; baseline 0 0"><span class='ocrx_word' id='word_1_194' title='bbox 0 0 1390 4874; x_wconf 95' lang='lat' dir='ltr'><strong> </strong></span> 
     </span>
    </p>
   </div>
  </div>
 </body>
</html>
