2768 4874
343 722 346 728 ·
420 696 581 763 ’ΛΟΓΟΣ
613 695 805 762 ΤΡΙΤΟΣ.
1021 688 1085 758 103

123 864 224 954 μένου,
238 861 330 930 πάλιν
342 868 448 944 αὐτοῖς
462 866 593 966 ἐγίνοντο
610 866 710 934 καιναὶ
728 861 845 960 τέρψεις
863 864 914 930 καὶ
928 864 1042 957 θέρειοι.
1059 850 1088 928 ί)

118 1013 172 1104 μὲν
199 1011 257 1107 γὰρ
282 1015 406 1105 ἐνήχετο
429 1018 458 1082 ἐν
481 1025 545 1093 τοῖς
564 1023 728 1108 ποταμοῖς,
753 1007 825 1089 ἡδὲ
845 1019 874 1083 ἐν
893 1021 962 1091 ταῖς
977 1021 1088 1106 πηγαῖς

118 1162 253 1230 ελοόετο·
273 1167 288 1228 ό
303 1164 356 1255 μὲν
374 1157 514 1258 ἐσύριζεν,
527 1167 734 1256 ἁμιλλώμενος
750 1164 825 1258 πρὸς
842 1163 897 1241 τὰς
908 1161 1010 1246 πίτυς,
1022 1167 1041 1236 η’
1053 1153 1088 1227 δὲ

117 1303 187 1402 ᾖδε,
204 1319 271 1390 ταῖς
290 1304 416 1385 ἀηδόσιν
427 1301 704 1406 ἐρίζουσαΈθόρων
720 1304 846 1407 ἀκρίδας
859 1311 982 1396 λαλους,
999 1311 1089 1402 ε’λιίμ·

120 1458 209 1528 όανον
228 1463 369 1556 τέττιγας
386 1469 553 1554 ἠχοῦντος,
571 1460 645 1538 ἄνθη
663 1464 836 1557 συνέλεγον,
853 1453 966 1554 δένδρα
983 1463 1088 1544 ἔσειον,

105 1613 242 1704 όπόιρας
263 1610 377 1684 ἤσθιον.
403 1593 473 1685 Χδη
494 1612 570 1678 ποτὲ
593 1610 644 1678 καὶ
663 1611 769 1704 γυμνοὶ
787 1560 1088 1704 ουγκατεκλίθησαν,

118 1760 168 1827 καὶ
194 1759 223 1827 ἓν
255 1752 352 1855 δέρμα
377 1760 462 1854 αἰγὸς
490 1764 685 1856 ι’πισόραντο.
714 1761 778 1828 Καὶ
805 1763 922 1854 ἐγένετο
951 1755 987 1826 ἂν
1012 1763 1085 1852 γυνὴ

116 1913 204 1986 Χλόη
230 1904 357 2006 ρᾳδίως,
386 1913 411 2001 εί
435 1917 475 2005 μὴ
508 1913 622 2005 Δάφνιν
647 1907 772 2006 ἐτάραξε
796 1914 834 1980 τὸ
859 1907 945 2005 αἷμα.
975 1902 1089 2002 Ᾰμέλει
1105 1922 1142 1961 ¹²⁶

117 2062 167 2129 καὶ
191 2052 336 2140 δεδοικὼς
361 2066 403 2154 μὴ
425 2061 529 2153 νικηθῇ
557 2061 611 2129 τὸν
634 2059 780 2156 λογισμόν
805 2085 897 2140 ποτε,
921 2057 1022 2126 πολλὰ
1045 2046 1087 2149 (¹)
1172 2130 1176 2137 ,

119 2212 304 2305 γυμνοῦσθαι
333 2215 390 2287 την
415 2211 519 2284 Χλόην
545 2213 601 2277 οὐκ
628 2163 916 2303 ἐπέτριπεν·’ὥστι
943 2201 1088 2299 ἐθαύμαζε

123 2363 175 2454 μὲν
192 2369 211 2436 ἡ
228 2360 331 2447 Χλόη,
350 2363 407 2435 τὴν
427 2353 462 2428 δέ
479 2358 579 2429 αἰτίαν
597 2351 702 2453 ᾐδεῖτο
720 2359 875 2428 πυθέσθαι.

176 2569 228 2637 25.
253 2557 296 2637 Ev
313 2580 359 2657 τῷ
377 2571 451 2662 θέρει
468 2560 550 2656 τῷδε
568 2569 619 2636 καὶ
637 2572 815 2663 μνηστήρων
833 2569 947 2647 πλῆθος
966 2566 1001 2642 ἦν
1021 2567 1088 2661 περὶ

123 2721 178 2794 πλν
194 2718 310 2803 Χλόην,
327 2718 379 2786 καὶ
396 2717 506 2786 πολλοὶ
523 2718 712 2811 πολλαχόθεν
731 2717 856 2811 ἐφοίτων
876 2715 960 2811 παρὰ
977 2718 1031 2784 τὸν
1044 2702 1086 2806 (²)

122 2844 279 2962 Δρόαντα,
306 2868 381 2962 πρὸς
406 2866 505 2962 γόμον
531 2868 684 2946 αἰτοῦντες
705 2872 812 2942 αὐτην.
840 2867 903 2936 Καὶ
926 2868 954 2934 οἱ
980 2869 1032 2957 μέν
1057 2891 1088 2931 τι

123 3005 220 3107 δῶρον
246 3017 365 3109 ἔφερον,
393 3016 421 3082 οἱ
444 3006 479 3082 δὲ
506 3017 732 3109 ἐπηγγέλλοντο
757 3014 887 3108 μεγαλα.
909 2999 939 3080 H
964 3013 1016 3102 μὲν
1037 3008 1087 3077 οὖν
1115 3092 1116 3096 ¹

123 3161 217 3237 Νοίπη
237 3153 433 3242 ταῒςελπίσιν
450 3165 643 3257 έπαιρομένη,
657 3159 860 3229 συνεόουλευεν
877 3147 920 3254 (³)
933 3151 1088 3229 ἐκδιδόναι

125 3316 180 3389 τὴν
197 3313 318 3398 Χλόην,
337 3305 416 3406 μηδὲ
435 3316 573 3406 κατέχειν
592 3312 675 3381 ὀἴκοι
701 3313 776 3405 πρὸς
794 3314 885 3379 πλέον
904 3314 1087 3385 τηλικαύτην

122 3463 234 3558 κόρην,
255 3464 274 3538 ἢ
297 3463 382 3566 τάχα
410 3465 513 3559 μικρὸν
541 3469 665 3558 ὕστερον
692 3465 821 3555 νέμουσα
848 3465 904 3538 τὴν
928 3461 1087 3557 παρθενίαν

159 3759 197 3822 (1)
215 3756 308 3808 Πολλοί.
318 3747 356 3807 ίιι·
373 3755 495 3815 πολλάκις.

160 3851 199 3918 (υ)
218 3850 263 3901 Τὸν
277 3849 394 3920 Δρύαντα,
408 3854 455 3900 AB.

161 3941 199 4007 (3)
219 3939 389 4002 Συννῦοθλευιν,
405 3947 452 3992 ΑΒ.
