2768 4874
456 688 619 753 ΛΟΓΟΣ
651 688 915 753 ΤΕΤΑΡΤΟΣ.
1099 689 1159 770 ιιι

208 860 283 925 θέλει
302 853 375 923 εἶναι
389 857 514 936 αίπύλος
527 844 741 950 (1).Κάιιείνας
759 860 811 950 μὲν
828 858 1013 950 θεραπεύσων
1028 842 1164 954 έπέμφθη

206 1035 253 1086 τις
271 1005 384 1085 άλλος·
404 1008 432 1073 οἱ
453 998 488 1073 θὲ
506 1007 645 1086 θύσαντες
666 1006 718 1074 Διῒ
734 1012 873 1102 Σωτῆρι,
897 1008 1063 1100 συμπόσιον
1084 1015 1165 1077 συνε-
1180 1034 1217 1074 ιοι

205 1156 343 1249 κρύτουν.
366 1157 418 1234 Εἰς
436 1166 526 1223 τοῦτο
546 1149 580 1223 σθ
600 1157 767 1248 συμπόσιον
787 1157 876 1248 μόνος
893 1160 950 1250 οὐχ
965 1157 1018 1232 ἧκε
1034 1159 1165 1227 Γνάθων·

207 1303 286 1371 ἀλλὰ
304 1301 487 1399 φούούμενος
505 1310 534 1373 ἐν
551 1316 596 1394 τῷ
612 1318 668 1394 νεῷ
686 1317 746 1374 ποῦ’
757 1307 898 1374 Διονύσου
914 1307 965 1374 καὶ
984 1311 1039 1383 την
1054 1288 1166 1402 ἡμέραν

207 1455 300 1545 ἔμεινε
317 1452 368 1521 καὶ
386 1459 442 1530 τὴν
466 1456 578 1542 νύκτα,
599 1460 699 1548 ὥσπερ
724 1454 831 1534 ἱκέτης.
854 1452 988 1548 Ταχείας
1007 1447 1041 1522 θέ
1067 1459 1166 1549 φήμης

208 1602 246 1681 εἰς
262 1593 389 1682 ’πάντας
408 1562 570 1690 ελιθούσης,
598 1607 647 1671 ὅτι
670 1565 885 1698 Διονυσύφάνης
912 1604 991 1698 εὗρεν
1013 1606 1096 1690 υἱὸν,
1116 1606 1167 1672 καὶ

206 1755 255 1818 ὅτι
272 1752 399 1844 Δάφνις,
414 1759 430 1819 ὁ
447 1751 593 1837 αἰπόλος,
611 1743 763 1830 θεσπύτης
780 1763 841 1818 τῶν
859 1751 956 1848 οἱχρῶν
974 1753 1086 1846 εὑρέθη,
1102 1751 1168 1844 ἅμα

206 1904 245 1988 ἕῳ
265 1905 440 1994 συνέτρεχον
458 1897 551 1981 σίλλος
570 1900 757 1993 ἀλλαχόθεν,
780 1913 825 1989 τῷ
844 1903 896 1993 μὲν
921 1901 1062 1996 μειρακίῳ
1083 1929 1169 1977 συνη-

207 2040 341 2140 δόμενοι,
358 2058 401 2135 τῷ
421 2039 456 2114 θὲ
475 2049 570 2142 πατρὶ
587 2051 679 2115 αὐτοῦ
697 2039 782 2141 θῶρα
798 2042 988 2140 κομίζοντες·
1007 2053 1036 2116 έν
1055 2047 1098 2127 οἷς
1117 2047 1167 2117 καὶ

207 2189 223 2261 ύ
246 2196 344 2289 Δρύας
358 2183 401 2287 (²)
418 2207 558 2289 πρῶτος,
575 2202 591 2263 ὁ
607 2201 720 2289 τρέφων
739 2203 794 2272 τήν
815 2197 928 2270 Χλόην.

261 2347 317 2413 26.¹
347 2333 433 2412 (λθὲ
459 2346 676 2436 Διονυσοφάνης
701 2351 822 2438 κατεῖχε
849 2345 982 2432 πάντας,
1010 2340 1176 2425 κοινωνοὺς

208 2491 286 2585 μετὰ
314 2498 371 2570 τὴν
396 2496 573 2588 εὐφροσύνην
598 2495 649 2562 καὶ
676 2505 731 2574 τῆς
751 2500 857 2589 ἑορτῆς
880 2497 1045 2588 ἐσομένους.
1068 2497 1167 2590 Παρε-

206 2634 351 2735 σριεύαστο
375 2635 410 2710 θὲ
431 2644 525 2722 πολὺς
544 2647 597 2736 μὲν
622 2639 715 2730 οἶνος,
735 2642 834 2712 πολλὰ
856 2635 891 2710 θὲ
909 2632 1044 2738 οίλιυρα,Ι
1058 2644 1167 2738 ὄρνιθες

209 2796 312 2879 ἕλειοι,
332 2797 428 2889 χοῖροι
445 2793 622 2887 γαλαθηνοὶ,
641 2786 840 2886 μελιτώματα
857 2786 993 2861 ποικῦια·
1010 2792 1061 2860 καὶ
1079 2793 1168 2886 ἱερεῖα

211 2934 245 3010 δὲ
263 2941 362 3009 πολλὰ
380 2951 441 3021 τοῖς
459 2934 628 3037 ἐπιχωρίοις
642 2943 717 3019 θεοῖς
736 2942 844 3018 ἐθύετο.
861 2931 1004 3010 Ενταῦθα
1021 2946 1037 3007 ὁ
1055 2940 1168 3035 Δάφνις

175 3097 177 3101 ’
212 3091 403 3184 συναθροίσας
435 3092 538 3158 πάντα
571 3089 612 3157 τὰ
643 3087 802 3181 ποιμενικὰ
833 3093 996 3182 κτήματα,
1014 3077 1166 3183 ’θάνοιμεν

207 3239 389 3330 άναθηματα
402 3245 466 3318 τοῖς
479 3240 563 3318 θεοῖς.
581 3242 635 3327 Τῷ
649 3240 783 3325 Διονύσῳ
798 3238 850 3330 μέν
864 3239 985 3312 ιἰνέθηιιε
998 3243 1052 3314 τὴν
1068 3242 1167 3334 πέραν

206 3354 263 3454 ιιοιὶ1
283 3387 319 3454 τὸ
346 3379 460 3482 θέρμα·
487 3398 533 3474 τῷ
551 3387 632 3454 Πανὶ
653 3391 708 3462 τὴν
737 3390 863 3480 σύριγγα
885 3387 936 3454 καὶ
962 3389 1016 3455 τὸν
1038 3387 1165 3481 πλάγιον
1182 3409 1221 3449 1⁷2

207 3536 317 3603 αύλύν·
336 3540 391 3611 τὴν
415 3531 593 3629 καλαύροπα
613 3529 679 3613 ταῖς
698 3536 859 3628 Νύμφαις,
877 3537 928 3603 καὶ
944 3537 1014 3616 τοὺς
1038 3540 1166 3631 γαυλοὺς

243 3810 281 3877 (ι)
299 3799 327 3860 Δ.
344 3811 364 3858 θ.
381 3801 408 3857 εί.
430 3805 538 3868 αἰπολος,
555 3809 584 3857 Δ.
600 3812 627 3868 Β,
643 3807 677 3857 ἔτι
691 3802 717 3863 ἦν
733 3806 837 3864 αἰπολος.

243 3902 280 3967 (ο)
300 3891 320 3950 ὁ
334 3900 421 3970 Δρύας,
438 3904 483 3949 ΑΒ.
