2768 4874
429 691 584 756 ΛΟΓΟΣ
612 694 817 760 ΠΡΩΤΟΣ.
1078 713 1100 781 9

143 885 224 950 μενοι
248 860 421 952 κρείττονα,
448 852 488 925 δι’
509 862 543 933 ἢν
569 847 611 951 (¹)
631 863 740 938 αὐτοὺς
760 863 811 927 καὶ
831 869 955 954 τροφαῖς
978 857 1101 954 ἁθροτέ-
1129 883 1153 922 ιι

143 1036 205 1100 ραις
226 1011 364 1102 ἔτρεφον,
392 1009 443 1076 καὶ
461 1009 631 1104 γράμματα
657 1003 812 1077 ἐπαίδευον
837 1011 888 1078 καὶ
914 1004 1020 1077 ποίντα
1043 1013 1101 1076 ὅσα

142 1156 222 1224 καλὰ
246 1156 282 1231 ἧν
311 1160 359 1224 ἐπ’
384 1127 530 1252 ἀγροικίᾳ.
562 1144 672 1225 Εθόκει
699 1151 734 1224 θὲ
758 1159 907 1225 πείθεσθαι
934 1160 1009 1236 θεοῖς
1033 1159 1101 1251 περὶ
1129 1204 1132 1211 -

142 1315 202 1378 ,τῶν
224 1306 379 1372 σωθέντων
402 1308 527 1400 προνοίᾳ
549 1308 633 1374 θεῶν.
659 1287 722 1372 Καὶ
744 1311 939 1383 κοινώσαντες
960 1307 1100 1383 ἐλλιῖλοις

142 1454 178 1520 τὸ
195 1454 286 1547 ὄναρ,
301 1455 351 1521 καὶ
367 1456 509 1532 θύσαντες
526 1466 572 1542 τῷ
590 1455 631 1522 τὰ
651 1455 750 1548 πτερὰ
765 1458 866 1547 ἔχοντι
888 1447 1001 1540 παιθίῳ
1019 1453 1104 1546 παρὰ

142 1611 209 1681 ταῖς
236 1606 377 1696 Νύμφαις
415 1596 472 1697 (τὸ
496 1604 554 1698 γὰρ
584 1606 679 1698 ὄνομα
706 1609 801 1700 λέγειν
826 1610 882 1673 οὐκ
907 1592 1032 1697 εἶχον),
1062 1612 1101 1682 ὡς

142 1755 284 1844 ποιμένας
308 1755 508 1845 ἐκπέμπουσιν
536 1757 644 1833 αὐτοὺς
674 1756 739 1848 ἅμα
763 1764 830 1834 ταῖς
858 1756 997 1850 ἆγελαις,
1023 1745 1103 1820 ἐκθι·

142 1894 288 1982 θοίξαντες
312 1888 440 1971 ἕκαστα·
458 1915 522 1983 πῶς
540 1898 590 1973 θεῖ
608 1909 704 1998 νέμειν
726 1908 784 1998 πρὸ
811 1903 1018 1998 μεσομθρίας,
1037 1915 1100 1982 πῶς

140 2056 305 2146 ποιμαίνειν
324 2044 365 2148 (²)
383 2056 574 2134 κοποίσαντος
591 2069 645 2123 τοῦ
664 2061 839 2149 καύματος,
856 2058 932 2123 τότε
951 2054 1032 2149 ἄγειν
1052 2057 1102 2123 ἐπὶ

139 2207 254 2290 ποτὸν,
283 2206 360 2271 πότε
387 2207 511 2303 ἀπάγειν
545 2207 594 2273 ἐπὶ
621 2216 739 2290 κοῖτον,
771 2208 820 2272 ἐπὶ
849 2207 910 2272 τίσι
935 2209 1102 2297 καλαύροπι

138 2356 306 2447 χρηστέον,
328 2354 377 2421 ἐπὶ
396 2354 457 2421 τίσι
483 2356 556 2447 μόνῃ
579 2364 678 2447 φωνῇ·
696 2357 724 2420 οἱ
751 2347 801 2440 θέ,
830 2354 914 2447 μοιλα
931 2355 1102 2448 χαίροντες,
1168 2410 1172 2423 .

140 2508 181 2580 ὡς
197 2503 290 2595 ἀρχὴν
309 2502 440 2596 μεραλην
461 2499 715 2596 παρελάμθανον,
732 2504 784 2570 καὶ
799 2504 916 2595 ἐφίλουν
937 2502 993 2581 τὰς
1014 2500 1102 2597 αἶγας

140 2651 192 2717 καὶ
223 2649 264 2717 τέι
293 2647 438 2744 πρόθατα
468 2656 582 2743 μᾶλλον
607 2651 625 2725 ἢ
660 2654 797 2744 ποιμέσιν
819 2653 908 2731 ἔθος·
933 2622 1048 2745 θ’μέν,
1074 2656 1102 2730 ἐς

139 2799 275 2891 ποίμνιον
293 2795 409 2893 ἄγουσα
426 2810 480 2878 τῆς
501 2801 651 2892 σωτηρίας
668 2805 722 2876 τὴν
747 2801 865 2868 αἰτίαν·
882 2806 898 2866 ὁ
915 2792 966 2885 θέ,
991 2826 1102 2893 μεμνη-

139 2951 226 3040 μένος
243 2956 281 3027 ὡς
298 2949 464 3041 ἐκκείμενον
482 2953 573 3018 αὐτὸν
591 2944 640 3028 αἲξ
656 2949 820 3042 ἀνέθρεψεν.
1133 2993 1156 3031 14

193 3122 224 3185 9.
255 3079 335 3190 ΙῖΙρος
356 3097 392 3172 ἦν
419 3101 513 3192 ἀρχὴ,
538 3100 589 3166 καὶ
609 3099 713 3167 ποίντα
733 3090 863 3192 ἤκμαζεν
888 3097 982 3181 ἄνθη,
1011 3095 1051 3163 τὰ
1073 3100 1101 3163 ἐν

139 3391 171 3445 ιθέ
185 3397 232 3444 τῶν
244 3394 356 3463 γραφέων
376 3395 387 3443 ὁ
406 3394 446 3461 μὲν
461 3397 602 3462 μαντιθιται
617 3391 705 3448 οὗτοι
720 3394 893 3465 ἀναγινώσκων,
910 3394 922 3444 θ
937 3390 968 3443 θέ
981 3392 1103 3445 αἰπόλοι

139 3490 271 3556 (προσφερῆ
289 3483 336 3556 γὰρ
351 3505 373 3535 τ.
389 3485 429 3536 καὶ
442 3491 482 3551 λ.)
499 3487 539 3539 καὶ
555 3490 613 3541 ἐνθεν
633 3489 760 3557 ἐσημειώθο
781 3483 893 3555 διάφορος
913 3485 1002 3558 γραφή.
1019 3476 1103 3557 ἓτιρος

139 3577 172 3631 δι’
186 3598 220 3638 τις
235 3579 307 3648 ἄμφω
327 3577 483 3648 κατεχώρισεν
504 3575 588 3632 οὗτοι
607 3580 744 3640 αἰπόλοι,
760 3579 821 3647 ἅπερ
837 3579 932 3647 φίριται
946 3580 968 3632 ἐν
983 3581 1034 3638 ταῖς
1046 3579 1103 3648 πρέ-

138 3690 205 3741 τερον
219 3669 336 3734 ἐκθάσεσι,
349 3691 372 3722 σ.
392 3672 456 3739 189,
469 3690 493 3722 ιι.
512 3675 581 3740 19o.]
703 3653 704 3656 ἐ

176 3768 213 3830 (1)
232 3771 266 3814 Δι’
280 3764 316 3827 ἣν,
326 3769 372 3815 AB.
387 3764 519 3833 Γλώσσημα
535 3761 602 3815 θοκιῖ
617 3759 675 3817 εἶναι
689 3771 729 3816 τοῦ
744 3762 926 3816 Θουκυθιθείοο·
944 3758 968 3831 ᾔ,
985 3764 1035 3818 ἀντὶ
1049 3769 1098 3814 τοῦ·

139 3854 189 3907 διό.
205 3859 324 3926 Γραπτέον
338 3863 393 3928 γοῦν
408 3857 435 3910 ἂν
451 3858 498 3914 εἴη·
516 3850 586 3924 {mi
601 3858 684 3916 αὐτοὺς
696 3859 806 3927 τροφαῖς,
818 3876 841 3908 ιι.
856 3877 878 3908 τ.
893 3863 915 3907 λ.

177 3952 213 4014 (α)
233 3951 365 4017 Ποιμαίνιιν
379 3956 405 3999 “.
423 3956 451 4011 Α,
466 3956 516 4008 πῶς
530 3951 643 4018 ἐπιμένειν
658 3969 681 4001 ιι.
697 3956 722 4012 Β,
735 3956 786 4008 πῶς
801 3938 922 4016 ἐπινέμειν.
972 3950 975 3954 ’
